3104 5018
609 206 821 272 ..17-

168 391 170 395 ‘
223 377 354 443 Alterius
375 379 492 456 generis
513 381 582 442 sunt
603 379 812 453 additamenta;
837 397 872 442 er
889 381 997 459 quibus
1012 381 1048 443 de
1062 379 1115 445 illo
1130 382 1233 460 0001110
1251 381 1289 444 11

132 488 219 566 plura
241 490 339 552 diuers
361 491 479 567 oportet.
523 490 615 554 Estne
645 492 774 562 austeris
803 499 964 557 00000100
986 509 1058 556 usus
1080 493 1125 553 est
1145 491 1229 570 libro,
1258 494 1291 554 in

131 618 194 679 quo
216 599 291 664 illud
316 602 376 665 iam
404 600 579 680 legebatur?
622 602 709 682 Apud
730 601 918 666 Aristotelem
941 605 969 664 et
989 604 1020 664 iu
1041 602 1142 666 libello
1164 623 1195 664 π.
1219 596 1289 678 odo.

136 703 199 770 dor.
223 711 386 790 eomplurer
409 713 445 772 de
468 713 551 774 renis
573 714 734 778 sententiae
762 715 950 776 inveniuntur
972 731 1081 793 eaeque
1104 716 1186 784 duae,
1216 732 1290 794 0000

132 829 257 904 uterque
284 825 413 902 praebet
464 823 542 886 Nam
578 824 629 886 ille
666 843 733 896 oum
762 824 878 894 afferat,
915 842 990 904 quae
1024 826 1058 886 de
1092 826 1134 886 eis
1161 827 1291 910 ¹senserit

132 934 294 1014 Syeunesis
324 935 465 1014 cyprius,
493 935 640 1014 Diogenes
669 935 882 1014 Apolloniates,
917 935 1046 1016 Polybus
1076 935 1108 1013 (i.
1138 955 1161 998 e.
1190 939 1291 1000 auotor

131 1049 240 1124 eapitis
272 1047 328 1119 11,
365 1047 443 1125 quod
473 1047 591 1124 quidem
622 1047 854 1124 exseripserlm),
891 1045 941 1108 hio
973 1049 1139 1111 nominibus
1173 1049 1290 1113 omissis

135 1159 289 1220 nobiseum
312 1159 515 1230 eommunieet,
544 1175 619 1236 quae
649 1159 774 1222 dixerint
795 1156 954 1236 Spenuesis
976 1158 1014 1236 (e.
1036 1159 1070 1236 8)
1091 1193 1133 1202 -
1156 1164 1185 1222 et
1204 1159 1290 1239 plura

131 1270 257 1348 quidem
289 1286 377 1348 quam
407 1269 579 1330 Aristoteles
607 1270 696 1330 verba
728 1269 908 1348 011011001-
930 1269 1059 1348 Polybus
1082 1270 1117 1348 (a
1142 1269 1174 1348 9)
1199 1305 1239 1313 -
1262 1275 1291 1334 01

123 1394 174 1440 ‘ne
196 1381 425 1443 additamentum
456 1381 575 1459 quidem
597 1381 765 1442 omittit-
788 1383 892 1442 tertius
913 1383 1033 1470 ¹quidam
1056 1384 1092 1456 (0.
1117 1381 1176 1456 10),
1206 1383 1290 1444 00100

134 1492 226 1552 verba
256 1491 358 1552 eadem
389 1492 475 1552 etiam
504 1493 536 1552 in
566 1491 652 1570 Epid.
685 1491 764 1560 libro,
790 1492 822 1553 II
852 1494 971 1554 exstent.
1023 1491 1086 1568 Qua
1114 1511 1129 1554 e
1156 1511 1187 1554 re
1219 1493 1289 1572 quid

132 1601 255 1664 faoilius
287 1601 515 1668 eouoludendum
547 1619 612 1664 esse
641 1587 756 1664 ridetur
786 1620 874 1682 quam
903 1602 1091 1666 Aristotelem
1123 1607 1152 1668 01
1181 1604 1289 1682 eampi-

135 1712 260 1774 latorem
282 1713 352 1774 libri
381 1736 412 1770 π.
436 1709 506 1783 ario.
532 1705 591 1770 όστ.
617 1715 718 1775 eodem
741 1731 756 1776 e
778 1714 855 1779 lente
877 1713 1020 1790 hausisse,
1051 1715 1100 1794 qui
1122 1715 1290 1778 auctoribus

131 1841 253 1902 quoque
275 1845 304 1882 a.
322 1819 392 1894 φύσ.
409 1819 498 1900 ἀνθρ.
523 1827 550 1886 01
564 1825 649 1902 Epid.
665 1825 695 1886 ΙΙ
712 1829 823 1903 praesto
839 1807 901 1888 erat
915 1827 1025 1904 quique
1039 1823 1128 1895 finem
1144 1827 1232 1904 oapiti
1250 1825 1288 1886 11

132 1937 271 1996 additum
293 1938 353 1996 iem
375 1937 559 2000 continebat?
581 1936 769 1998 Aristotelem
791 1938 883 2015 igitur
904 1937 950 1997 bis
971 1936 1152 2016 aliquantum
1174 1939 1290 1998 senten·

131 2047 196 2109 1100
219 2047 375 2108 omisisse?
404 2047 479 2120 Quid
501 2046 654 2124 pulohrius
676 2045 774 2126 colligi
803 2065 888 2126 posse
916 2049 1031 2110 videtur
1060 2065 1149 2126 quam
1181 2047 1290 2108 iontem

136 2157 223 2220 illum
250 2157 342 2218 fuisse
369 2157 494 2230 librum,
527 2159 558 2218 in
590 2175 646 2236 quo
677 2159 790 2222 diversa
821 2159 857 2218 de
884 2159 967 2220 venis
995 2158 1104 2236 0100110
1132 2160 1290 2237 composite

133 2269 241 2330 erant?
269 2270 420 2330 exstetisse
449 2269 541 2348 igitur
571 2269 686 2330 saeoulo
708 2269 751 2330 IV
773 2269 916 2333 eiusmodi
938 2261 1100 2344 ὑπόμνημα
1122 2271 1290 2348 quoddam?

138 2383 178 2440 At
200 2383 298 2440 tamen
319 2397 377 2442 non
398 2397 491 2458 pauoe
513 2381 628 2442 obstant
649 2383 700 2441 aut
721 2381 836 2442 obstare
857 2381 1001 2442 videntur.
1044 2380 1134 2442 Liber
1164 2403 1193 2436 a.
1218 2375 1287 2450 φύσ,

136 2483 198 2548 dor.
222 2508 308 2570 quem
331 2508 383 2551 nos
405 2490 541 2568 legimus,
563 2493 642 2552 10010
664 2493 759 2552 minor
780 2493 874 2552 aetate
896 2509 960 2552 esse
984 2492 1097 2564 dieitur,
1119 2493 1151 2552 ut
1172 2509 1209 2552 ne
1232 2491 1289 2553 (la-

133 2600 222 2662 lenus
253 2603 372 2680 quidem
402 2605 453 2662 aut
482 2601 637 2665 Erotiauus
667 2609 734 2662 eum
764 2602 876 2664 noverit
905 2601 1026 2681 (Ilberg,
1057 2603 1110 2664 das
1139 2603 1290 2680 11100000.-

133 2711 258 2774 Glossar
288 2714 314 2776 d.
344 2712 470 2775 Erotiau.
507 2712 629 2790 Leipzig
663 2711 752 2774 1893.
786 2731 813 2791 p.
838 2711 898 2774 134
906 2713 983 2788 --b).
1026 2713 1181 2775 Erotienus
1211 2716 1290 2776 enim

135 2825 195 2884 nisi
219 2842 234 2884 0
257 2841 338 2902 0000.
364 2823 445 2884 1-7
469 2826 497 2884 01
521 2823 644 2884 11-19
668 2823 782 2902 glossae
804 2841 862 2886 non
893 2825 1020 2903 praebet,
1053 2825 1183 2886 Galenus
1204 2825 1289 2886 biso

131 2952 221 3012 eapp.
247 2935 370 2996 11-19
393 2937 516 2998 uerbum
539 2935 615 3008 01101
645 2936 721 3014 quod
742 2935 803 3014 legi
825 2937 896 2998 dioit
925 2933 956 2994 ἐν
978 2939 1041 3006 τοῖς
1064 2931 1289 3018 (ιροσκειμένρις

134 3047 176 3124 τῷ
201 3049 353 3127 Μοχλικῷ.
398 3047 491 3122 Quam
521 3047 556 3108 ob
586 3055 649 3108 rem
677 3045 738 3108 illis
767 3048 946 3126 temporibus
969 3048 1064 3125 eapite
1083 3046 1190 3116 Ι8--10
1213 3047 1289 3108 libro

132 3157 267 3219 defuisse
289 3162 453 3237 —postea
475 3175 543 3236 ergo
576 3159 674 3222 addita
697 3176 761 3220 esse
785 3191 824 3200 —
848 3157 985 3236 Ilbergus
1006 3161 1089 3237 putat
1111 3163 1140 3220 et
1162 3175 1244 3238 oapp.
1271 3159 1288 3218 1

134 3269 207 3345 -7,
233 3269 356 3330 11-19
380 3287 448 3336 eum
470 3257 616 3348 Moplrnpi
637 3270 729 3332 luisse
752 3271 905 3332 eoniuueta
928 3271 985 3332 sibi
1007 3270 1159 3348 persuasit
1200 3268 1289 3330 Illam

130 3381 233 3441 autem
250 3381 407 3455 Μοχλικοῦ
429 3382 620 3460 appeudieem
636 3383 825 3468 eopiosiorem
847 3381 938 3444 101000
961 3381 1112 3444 00001100
1134 3379 1289 3453 nonnullis,

129 3507 209 3570 quaa
232 3509 265 3552 eo
287 3491 414 3564 tendant,
445 3491 564 3570 oolliglt
608 3495 647 3555 At
668 3494 799 3554 omnium
823 3493 956 3571 Corporis
977 3491 1119 3554 librorum
1141 3493 1207 3570 quis
1228 3493 1290 3552 tam

130 3619 199 3662 sero
220 3605 307 3664 natus
329 3603 392 3663 est?
413 3602 508 3676 Unde,
530 3604 556 3664 si
571 3621 653 3682 0000.
670 3603 688 3664 9
705 3607 734 3664 01
750 3604 788 3664 10
812 3621 828 3664 0
852 3625 882 3661 π.
907 3597 977 3675 pta.
1002 3598 1090 3678 ἀνθρ.
1115 3605 1143 3664 01
1158 3601 1242 3679 Epid.
1258 3601 1289 3662 II

130 3715 268 3790 sumpsit,
290 3713 461 3792 compilator
483 3717 545 3776 tum
568 3715 689 3792 aeput8
714 3716 833 3776 hausit?
855 3716 951 3794 Atque
974 3716 1079 3786 000100,
1102 3714 1153 3791 qui
1175 3711 1289 3790 glossas

130 3825 266 3896 oonleoit,
295 3826 453 3904 praeterire
483 3844 578 3890 00000
608 3844 688 3905 0000.
712 3827 817 3888 8-10
839 3829 933 3906 001011
962 3843 1063 3899 unum,
1096 3825 1164 3903 quia
1194 3825 1225 3884 iu
1256 3841 1289 3884 eo

132 3935 210 3998 nihil
233 3935 354 3996 difficile
377 3939 411 4010 (0.
434 3935 474 4012 8),
503 3936 625 4017 reliqua,
656 3941 733 4017 quod
762 3937 830 4002 aliis
852 3938 925 4000 loeis
948 3955 982 4000 oa
1003 3939 1063 3998 iam
1084 3937 1289 4014 interpretatus

131 4046 438 4127 00001(0.9-10)1
482 4049 558 4123 Quid
589 4049 697 4128 plura?
741 4050 823 4124 Quod
845 4067 922 4111 nuno
943 4065 1048 4110 nomeu
1080 4039 1288 4119 11010100.

129 4160 217 4236 gerit,
246 4175 309 4220 0000
331 4163 442 4222 eertum
463 4160 538 4222 mihi
559 4137 675 4222 videtur
695 4159 769 4224 illud
792 4153 824 4218 td
849 4160 1060 4238 προσκείμενον
1086 4159 1128 4237 τῷ
1150 4155 1288 4236 μοχλικῷ,

129 4269 170 4330 ab
203 4287 236 4331 00
268 4273 368 4348 000100
398 4272 563 4333 seiunctum
593 4289 627 4333 00
656 4273 778 4334 fortasse
808 4271 1023 4334 oiroumeisum.
1074 4269 1113 4332 llt
1141 4268 1228 4338 hodie
1258 4269 1293 4331 iu

1123 4453 1128 4472 Ι
