3104 5018
753 285 966 350 ..28-

280 461 315 520 iin
341 477 450 539 papyro
481 459 603 538 diversis
634 460 801 521 auotoribus
830 459 893 519 deri
923 455 995 533 (VI,
1027 456 1069 517 48
1102 455 1287 535 Hipponion
1319 453 1396 524 XIX.
1422 454 1447 514 2
1540 505 1541 518 ,

281 570 412 650 Polybo),
441 588 514 632 neve
535 587 597 631 rem
619 569 710 632 telem
739 571 777 632 eb
809 570 918 631 editore
947 567 1114 644 neglsotom
1144 583 1207 629 osse
1236 567 1448 645 perstringam,

281 683 493 759 argumentatio
507 682 606 743 brevis
628 683 679 742 est.
723 681 759 743 In
779 682 888 759 pagine
911 679 972 756 ille,
994 680 1084 740 nimis
1107 677 1211 750 doleis,
1235 679 1348 738 serente
1371 679 1448 738 suni

281 791 369 854 haee:

1046 891 1087 970 οός
1110 896 1143 959 δὲ

412 1006 503 1082 οό-τός
525 1005 729 1090 Ἱπποκράτης
751 1011 833 1091 λέγει,
866 1011 1002 1091 γίνεσθαι
1023 1005 1076 1080 τός
1098 1005 1206 1080 νόσους

1086 1116 1206 1196 φόσεων

300 1234 366 1308 VII,
414 1236 430 1296 1
458 1231 520 1293 ἆνθ

453 1366 496 1425 γει
519 1345 548 1404 δι

455 1449 476 1532 ῆ
498 1448 540 1514 ότι

452 1571 539 1643 χολῆς
561 1564 611 1626 καὶ
635 1564 812 1646 φλέγμα[τος

409 1680 427 1740 5
451 1681 542 1736 ταῦτα
566 1675 614 1737 ini
638 1671 675 1753 όῆ
698 1681 864 1756 γινομένοις

454 1787 504 1848 καὶ
528 1777 596 1848 οόσι
617 1790 825 1867 συνίσταοθ[αι

454 1897 601 1978 παρόντος
624 1899 790 1980 φλέγματος
1165 1921 1205 1959 ων

454 2003 528 2070 εἶναι
550 2011 581 2072 ἐν
603 2005 675 2088 ῆμῖν
697 2005 771 2071 κατολ
794 2005 886 2085 φύσιν
907 2005 940 2072 τό
965 2003 1037 2088 αἷμα

338 2151 340 2158 ·
455 2126 514 2181 τῶν
536 2126 675 2199 ..so6ov
699 2117 780 2200 ωορό
803 2117 896 2196 φύσιν
919 2143 949 2182 τε
971 2117 1025 2198 τῆν
1049 2121 1090 2192 sio

391 2229 470 2297 10‘'
453 2253 498 2294 οτι
520 2223 608 2294 αὗται
630 2231 682 2311 μὲν
705 2226 780 2292 ἐν
759 2239 832 2310 ημῖν
853 2235 985 2312 γίνονται
1007 2233 1040 2292 αἱ
1060 2227 1145 2294 νόσοι
1169 2227 1228 2312 [διό
1251 2204 1328 2310 nini

455 2347 653 2424 φλεγμασίας·
676 2340 746 2404 τόδε
768 2339 824 2424 χολρ
848 2338 933 2414 ἒιιτός

455 2451 557 2516 ττόνιον
579 2448 781 2582 όιτερμέτροιν,
804 2450 941 2530 καταψόξ
943 2477 1006 2525 εως,
1029 2449 1237 2535 [θερμότητος]

454 2563 537 2640 ιταροὶ
559 2589 588 2650 τε
611 2561 665 2642 τῆν
687 2571 739 2643 τῆς
760 2571 847 2645 χολῆς
868 2566 919 2626 καὶ
942 2570 996 2627 τοῦ
1019 2569 1069 2646 ιρ[λ
1072 2564 1211 2648 ἕρματος]

453 2673 665 2752 κατόψοξιν“
644 2703 662 2756 ῆ
684 2675 854 2757 θερμότητα
877 2680 1082 2758 περιγίνεσθαι
1104 2672 1168 2757 [τός
1190 2673 1235 2755 od]
1540 2707 1541 2762 ι

389 2792 426 2852 15
450 2809 567 2860 σους.

283 2901 493 2982 supplemento
514 2903 610 2964 Dielsi
631 2905 728 2983 reoepi
751 2906 836 2964 cerie.

368 3013 459 3088 Quo
451 3033 482 3075 ln
497 3014 560 3076 loeo
576 3015 652 3093 quod
675 3016 761 3090 χολῆς
784 3018 812 3076 et
834 3010 999 3092 φλέγματος
1022 3011 1101 3076 ei
1066 3034 1191 3088 αιματος
1205 3015 1323 3075 nomina
1337 3014 1447 3092 legun
1540 2959 1541 3048 λ

281 3127 338 3198 tur,
361 3141 520 3203 agnoscere
543 3143 608 3186 sese
628 3145 659 3182 ιτ.
677 3120 748 3200 osio.
766 3117 855 3202 ἅνθρ.
877 3143 1057 3187 umores-
1080 3127 1135 3187 eisi
1157 3126 1240 3187 deest
1261 3128 1444 3204 querius—

285 3237 331 3296 vir
353 3237 538 3296 doctissimus
567 3238 688 3314 putonii
730 3237 770 3298 At
799 3238 836 3298 de
866 3238 978 3298 duobus
1009 3237 1080 3298 solis
1111 3237 1201 3298 verbe
1228 3236 1332 3296 fieri
1323 3253 1355 3296 ιιι
1384 3237 1449 3297 fine

281 3346 496 3408 manifestumst
530 3349 618 3426 etque
649 3338 721 3422 οἶμα
753 3349 905 3420 nominali,
941 3349 1019 3427 quod
1048 3350 1112 3409 eius
1141 3351 1245 3409 nature
1274 3363 1293 3407 e
1319 3346 1448 3426 reliquis

283 3457 396 3518 ouobus
417 3459 551 3536 pendent,
574 3457 778 3536 contemplatio
795 3461 930 3520 ooourete
944 3460 1077 3520 ostendit.
1121 3459 1202 3520 Heeo
1218 3475 1285 3519 oum
1299 3457 1447 3536 reliquiae
1540 3499 1541 3552 i

285 3569 413 3641 dooeent,
446 3572 542 3630 cetero
573 3574 673 3647 eperia
707 3587 775 3630 οιτ.
800 3563 896 3628 νόσων
927 3571 1047 3644 Iloois‚
1076 3588 1148 3648 quos
1178 3568 1347 3649 oompileior
1374 3572 1445 3629 ente

1540 3925 1541 4006 λ

283 3679 383 3740 oculos
403 3679 547 3740 habebat.
570 3684 605 3755 (e.
629 3681 656 3741 2.
678 3679 711 3742 L.
733 3681 784 3754 Vi,
809 3678 939 3756 142)oi
905 3676 1010 3754 αμὲν
1033 3667 1088 3739 οὖν
1111 3675 1194 3738 νόσοι
1216 3680 1346 3758 γίνονται
1369 3671 1447 3754 ῆμῖν

282 3785 404 3862 ἅπασαι,
435 3793 494 3848 τών
517 3785 570 3864 μὲν
592 3789 623 3848 ἐν
645 3791 686 3871 τῷ
710 3785 825 3866 σώματι
848 3785 998 3858 ἐνεόντων,
1029 3784 1089 3851 eino*
1122 3810 1151 3848 τε
1173 3791 1260 3866 χολῆς
1281 3787 1332 3888 καλ
1355 3785 1443 3868 φλέγ-

283 3922 390 3976 ματος,
426 3899 488 3958 των
523 3896 555 3959 δε
586 3894 747 3972 ἕξωθεν’
729 3895 787 3960 ond
819 3896 922 3962 πόνων
952 3898 1001 3959 καλ
1034 3895 1196 3977 τρωμάτων
1226 3898 1276 3958 καὶ
1299 3883 1359 3959 όιτό
1388 3902 1448 3958 τοῦ

282 4013 399 4087 θερμοῦ
422 4005 713 4088 όιτερθερμαίνοντος
746 4010 873 4071 καὶτοῦ
896 4015 1016 4088 ψυχροῦ
1046 4005 1273 4088 όιτερψόχοντος
1305 4013 1354 4092 (of.
1377 4031 1450 4093 pap

281 4123 390 4202 nvn,
414 4123 494 4185 10—
500 4123 549 4190 15)
566 4124 604 4201 ¹).
652 4115 752 4181 Koi‘
732 4145 751 4199 η
774 4119 827 4200 μὲν
848 4119 919 4201 χολῆ
942 4120 991 4182 noi
1015 4147 1048 4184 το
1041 4118 1187 4204 φλέγμα
1210 4121 1390 4203 μινομὲνοισλ
1413 4143 1449 4182 τε

284 4276 485 4284 ...η-.-

351 4359 377 4428 1)
396 4359 430 4414 of.
448 4359 613 4414 Philistionis
632 4359 779 4415 doctrinam
796 4359 853 4427 XX,
870 4359 904 4416 37
917 4377 956 4430 sq.
