3104 5018
616 239 829 305 -15'-

142 434 170 494 p.
194 413 284 492 223);
316 431 440 494 quorum
461 431 554 475 unum
576 413 614 490 (α.
638 413 671 490 9)
702 411 797 474 libelli
820 432 850 469 ιτ.
873 413 984 470 παθῶν
1004 413 1183 491 prinoipinm
1205 411 1303 474 adhue

142 525 254 605 legitur
275 525 315 603 (L
337 525 388 599 VI,
410 543 437 604 p.
460 524 547 602 208),
569 523 695 586 alterum
718 523 756 600 (ι.
773 523 806 602 8)
828 525 987 586 seoundarn
1009 521 1080 586 libri
1102 543 1133 583 τι.
1158 517 1255 582 νόσων
1270 521 1302 584 Π
1333 507 1334 512 ¹

143 639 257 716 partem
278 637 384 716 inoipit
405 636 443 713 (L
465 635 532 710 vn,
557 634 611 714 18)
623 635 660 712 1).

231 747 312 824 Quae
334 750 417 810 erute
438 749 505 821 sint,
519 734 584 808 ἰιι
607 747 662 808 sub
685 746 842 824 eonspeotn
862 761 970 824 ponere
990 762 1048 806 non
1070 743 1201 806 alienum
1224 745 1306 806 eido·

143 861 200 922 ιιι.
249 861 294 921 λι
321 861 451 940 primurn
481 859 600 938 qnidam
631 856 777 920 (ialannrn
808 855 889 918 haud
924 857 966 918 ita
996 854 1089 917 multo
1120 856 1302 918 aberravisse

145 988 252 1033 avaro
276 971 588 1049 oonstat.prassartim
611 987 678 1032 oum
700 971 736 1031 de
757 969 964 1030 additamentis
987 969 1015 1029 at
1032 966 1303 1046 interpolationibus

145 1083 330 1162 quaestiones
350 1082 400 1144 vix
421 1099 440 1143 a
459 1083 573 1143 mediae
594 1079 785 1160 postulentur.
836 1078 946 1140 Multas
966 1077 1093 1157 profesto
1114 1095 1168 1140 nos
1189 1094 1303 1158 qnoque

145 1194 325 1255 asseruimus
345 1195 443 1272 partes
464 1194 589 1255 maiores
620 1191 665 1270 (τι.
690 1189 761 1262 φύει.
786 1182 875 1268 dodo.
901 1209 924 1252 e.
950 1189 1047 1263 1-8;
1070 1211 1102 1250 π.
1126 1187 1241 1265 διαίτης
1255 1179 1301 1266 dy.

148 1304 245 1383 1-7)
269 1307 298 1366 ιι
318 1305 445 1366 minores
467 1303 594 1384 (reliqna
616 1304 712 1383 eapite
734 1303 881 1382 singula);
903 1305 932 1364 at
952 1304 1053 1364 tannen
1067 1301 1213 1380 eliquanto
1235 1299 1303 1378 plur

145 1415 325 1494 profecturos
346 1433 399 1477 nos
421 1433 486 1478 esse
507 1433 599 1494 spero.

233 1526 289 1603 Qui
310 1528 429 1588 tandem
451 1525 625 1606 oornpilatio²
647 1529 680 1588 ιι
700 1527 743 1588 ita
764 1527 869 1598 diuam,
891 1527 953 1587 orta
975 1525 1040 1587 esti
1070 1523 1133 1599 Qua
1155 1523 1191 1584 de
1214 1539 1303 1584 eausa

146 1639 247 1702 faeta?
283 1637 411 1701 Galenus
432 1655 535 1700 rursus
557 1639 733 1717 respondere
757 1641 892 1710 eonatnr;
929 1633 961 1696 ιν
994 1628 1049 1713 γὰρ
1071 1636 1113 1715 τῷ
1135 1626 1209 1692 κατὰ
1232 1626 1304 1701 τούς
1369 1659 1375 1674 ·

143 1742 335 1818 Ἀτταλιαιύς
368 1769 399 1807 τε
429 1746 477 1808 καλ
514 1745 736 1824 Πτσλιμαιιιιύς
772 1745 908 1824 βασιλέας
937 1739 1052 1828 χρόνῳ,
1089 1747 1185 1825 inquit
1215 1744 1248 1822 (l.
1279 1763 1303 1806 ι.

146 1880 176 1940 p.
201 1861 270 1924 109.
300 1861 335 1922 oi
360 1861 442 1939 105),
465 1854 541 1936 πρὸς
563 1853 704 1935 ἀλλήλους
727 1852 1061 1934 ἇντιφιλιτιμιιμένιυς
1082 1855 1151 1936 περὶ
1174 1849 1304 1930 κτήσεως

148 1971 271 2050 βιβλίων
302 1964 322 2046 ἡ
353 1969 418 2047 ττερλ
452 1965 504 2040 ταὶς
534 1965 703 2048 ἐπιγραφάς
735 1991 764 2028 τε
795 1967 843 2028 καὶ
875 1960 1035 2037 ὂιαστιευᾶς
1065 1961 1165 2026 αὐτῶν
1196 1959 1304 2042 ἤρξατο

149 2083 303 2163 γίγνεσθαι
325 2081 501 2162 βαὸιιυργία
523 2126 689 2146 ......
713 2084 826 2159 μικρῶν
849 2071 905 2141 οὖν
928 2078 1022 2144 ὄντων
1043 2081 1222 2162 ἀμφοτέρων
1244 2087 1305 2142 τῶν

149 2193 272 2270 βιβλίων
294 2196 347 2251 τοῦ
370 2191 438 2269 περὶ
460 2189 570 2266 φύσιος
592 2187 759 2274 ιἰνθρῶτιοι
788 2191 836 2252 καὶ
860 2197 914 2254 τοῦ
936 2193 1003 2275 περὶ
1026 2197 1140 2273 διαίτης
1173 2189 1305 2276 ὑγιεινῆς

149 2298 412 2382 εὐκαταφρόνητον
435 2301 572 2382 induebar
594 2309 682 2365 τοῦτο
704 2297 780 2363 εἶναι
801 2327 844 2375 τις
867 2303 955 2378 δόξας
977 2303 1027 2368 διὰ
1049 2302 1104 2383 την
1124 2302 1303 2384 σμικρότητα

149 2415 316 2494 συνέθηκεν
350 2415 379 2485 ἐς
410 2411 498 2476 ταύτὸ
531 2409 632 2490 ἄμφω.
667 2417 717 2474 καί
746 2437 800 2486 τις,
833 2415 903 2487 lotor
934 2411 1018 2488 ἄλλος
1049 2413 1140 2495 ἢκαλ
1171 2410 1304 2488 αὔτιςᾶ

150 2531 267 2602 πρῶτος
299 2523 375 2586 αὐταὶ
407 2529 540 2598 συνθείς,
571 2525 761 2606 moestoque
784 2550 849 2588 τινα
871 2524 979 2606 aerugo
1000 2532 1061 2590 τῶν
1083 2524 1138 2589 δύο
1160 2527 1243 2589 novel
1267 2525 1304 2588 uel

150 2643 207 2698 νῦν
229 2641 464 2717 προχειρίζεσθαι
486 2637 632 2714 μέλλοντα.
670 2641 709 2702 et
731 2641 798 2720 quis
820 2643 872 2715 est,
894 2643 946 2720 qui
966 2641 1022 2704 hoe
1043 2659 1181 2722 responso
1203 2645 1304 2723 aequi·
1424 2627 1427 2633 ⁵

150 2754 252 2815 eseat‘?
295 2753 388 2829 Quam
419 2751 552 2814 eredulos
573 2752 645 2813 fauit
666 2751 779 2813 Attalos
811 2757 839 2814 et
860 2751 1051 2828 Ptolemaeos,
1080 2771 1168 2834 quam
1199 2753 1304 2816 stultos

148 2863 300 2926 falsarios!
323 2862 370 2926 Ne
391 2865 492 2926 eodem
514 2864 599 2925 modo
622 2881 679 2943 quo
694 2863 824 2926 Galenus
845 2863 989 2940 fallamur,
1011 2867 1095 2927 adest
1115 2867 1303 2945 prooemium.

151 2975 362 3055 Oognosoimue
385 2976 464 3037 onim
486 2993 558 3054 opus
580 2992 645 3036 esse
666 2965 840 3050 ὑπόμνημα.

238 3086 321 3161 Quod
350 3103 406 3166 quo
434 3087 519 3164 poeto
547 3088 648 3147 natum
678 3087 732 3159 sit,
770 3087 905 3148 distinete
926 3105 1005 3149 nune
1038 3089 1068 3149 et
1096 3089 1229 3150 aoonrato
1260 3091 1306 3150 est

151 3198 416 3260 demonstrandum
459 3197 514 3258 Vir
542 3197 670 3275 quidam,
701 3198 834 3260 medians
862 3196 1008 3272 videlieet,
1036 3199 1069 3260 in
1099 3217 1187 3261 neum
1217 3217 1304 3261 suum

151 3309 272 3389 eollegit
302 3311 331 3370 et
362 3309 524 3386 oomposuit
552 3325 600 3370 res
628 3309 769 3370 memoria
798 3311 918 3388 dignas:
949 3309 1113 3389 eomplures
1134 3311 1171 3372 de
1192 3313 1306 3390 origine

151 3422 320 3483 morborum
343 3423 372 3482 ot
393 3421 540 3482 arrabone
562 3421 720 3482 sententiar
745 3419 789 3497 (ιι.
815 3413 885 3494 odo.
909 3413 1012 3500 ἀνθρς
1035 3439 1058 3482 ι.
1081 3421 1130 3499 IX,
1147 3421 1182 3495 1;
1204 3421 1254 3496 IX,
1270 3421 1305 3496 ις

153 3533 209 3606 10;
241 3531 294 3610 13)
326 3532 544 3593 dissertationes
573 3532 609 3593 de
637 3532 720 3593 venis
749 3530 787 3608 (ι.
812 3531 865 3624 11)
897 3533 933 3594 de
961 3549 1034 3610 pure
1056 3531 1126 3610 (12)
1157 3533 1193 3595 de
1220 3535 1307 3594 urina

152 3643 222 3724 (14)
254 3645 291 3705 de
317 3643 448 3705 febribus
470 3641 540 3721 (15)
571 3643 607 3704 de
629 3643 725 3704 diaeta
754 3641 866 3721 (1-7)
897 3645 932 3705 de
962 3645 1066 3722 eapitis
1088 3643 1235 3706 doloribus
1256 3642 1305 3722 (8)

152 3755 331 3835 prinoipium
353 3755 476 3816 sanandi
498 3753 560 3834 (9);
590 3757 619 3816 ιι
646 3753 719 3816 haee
748 3755 868 3834 qnidam
897 3755 952 3816 duo
983 3756 1079 3834 oapita
1099 3756 1212 3817 addidit
1233 3755 1307 3830 fort,

153 3867 231 3947 quod
244 3929 247 3939 ,
262 3867 347 3928 initia
378 3865 521 3928 librorum
555 3867 582 3928 ei
615 3883 749 3927 oarornm
782 3868 872 3928 erant
926 3864 985 3929 Sed
1019 3864 1218 3944 eompluribns
1250 3867 1305 3928 etsi

239 4067 266 4136 1)
283 4065 370 4122 Ιιιιιι
396 4067 442 4122 ille
466 4067 507 4124 iao
529 4067 683 4124 scribendus
707 4071 762 4122 est:
790 4062 850 4122 ὅταν
873 4065 904 4123 δὲ
927 4065 1035 4138 sladen,
1061 4067 1222 4138 καταβαίνει,
1251 4067 1306 4138 [καὶ

153 4153 225 4208 πάλιν
250 4153 277 4215 ις
301 4151 330 4208 ‘cd
350 4154 427 4222 σῶμα
444 4153 469 4209 R
486 4170 536 4210 orn.
554 4153 591 4224 u]
616 4147 675 4208 ὅταν
699 4149 800 4220 πλήρης
817 4153 922 4221 γένηται
938 4149 957 4221 u*
976 4151 1076 4220 κεφαλή
1102 4152 1146 4206 ιιι)
1169 4151 1237 4222 τύχη
1255 4148 1305 4207 dut

153 4257 218 4300 ταις
240 4237 335 4294 τούτων
359 4241 583 4308 διαθερμανθιῖσα.
618 4238 659 4294 1a
682 4236 766 4294 Νόσιι
788 4235 839 4294 alud
864 4239 915 4292 reio
941 4239 1082 4306 κεφαλέων.
1116 4237 1212 4305 Νάρκη
1238 4240 1307 4308 ἴσχει

154 4321 199 4390 τὴν
216 4323 318 4392 κεφαλή
319 4345 519 4377 ........
