<?xml version="1.0" encoding="UTF-8"?>
<!DOCTYPE html PUBLIC "-//W3C//DTD XHTML 1.0 Transitional//EN"
    "http://www.w3.org/TR/xhtml1/DTD/xhtml1-transitional.dtd">
<html xmlns="http://www.w3.org/1999/xhtml" xml:lang="en" lang="en">
 <head>
  <title>
</title>
<meta http-equiv="Content-Type" content="text/html;charset=utf-8" />
  <meta name='ocr-system' content='tesseract 3.04.00' />
  <meta name='ocr-capabilities' content='ocr_page ocr_carea ocr_par ocr_line ocrx_word'/>
</head>
<body>
  <div class='ocr_page' id='page_1' title='image "./delibroperiphys01fredgoog_0034.png"; bbox 0 0 3104 5018; ppageno 0'>
   <div class='ocr_carea' id='block_1_1' title="bbox 601 243 816 314">
    <p class='ocr_par' dir='ltr' id='par_1_1' title="bbox 601 243 816 314">
     <span class='ocr_line' id='line_1_1' title="bbox 601 243 816 314; baseline -0.005 -20"><span class='ocrx_word' id='word_1_1' title='bbox 601 243 816 314; x_wconf 65' lang='lat'><strong>„29-</strong></span> 
     </span>
    </p>
   </div>
   <div class='ocr_carea' id='block_1_2' title="bbox 115 409 1290 1387">
    <p class='ocr_par' dir='ltr' id='par_1_2' title="bbox 115 409 1290 1387">
     <span class='ocr_line' id='line_1_2' title="bbox 128 409 1290 499; baseline 0.003 -25"><span class='ocrx_word' id='word_1_2' title='bbox 128 416 299 494; x_wconf 76' lang='grc' dir='ltr'><strong><em>συγγένεται</em></strong></span> <span class='ocrx_word' id='word_1_3' title='bbox 331 413 382 476; x_wconf 82' lang='grc' dir='ltr'><strong>καὶ</strong></span> <span class='ocrx_word' id='word_1_4' title='bbox 412 414 456 476; x_wconf 84' lang='grc' dir='ltr'><strong>ένι</strong></span> <span class='ocrx_word' id='word_1_5' title='bbox 487 409 532 476; x_wconf 75' lang='lat' dir='ltr'><strong>aiei</strong></span> <span class='ocrx_word' id='word_1_6' title='bbox 564 419 619 498; x_wconf 91' lang='lat'><strong>(=</strong></span> <span class='ocrx_word' id='word_1_7' title='bbox 648 437 675 480; x_wconf 86' lang='lat' dir='ltr'><strong>v.</strong></span> <span class='ocrx_word' id='word_1_8' title='bbox 699 419 795 496; x_wconf 80' lang='grc'>5-6)</span> <span class='ocrx_word' id='word_1_9' title='bbox 826 415 857 478; x_wconf 87' lang='grc' dir='ltr'><strong>έν</strong></span> <span class='ocrx_word' id='word_1_10' title='bbox 888 420 928 499; x_wconf 78' lang='grc' dir='ltr'><strong><em>τῷ</em></strong></span> <span class='ocrx_word' id='word_1_11' title='bbox 959 413 1071 493; x_wconf 73' lang='grc' dir='ltr'><strong><em>σώματι</em></strong></span> <span class='ocrx_word' id='word_1_12' title='bbox 1101 412 1122 495; x_wconf 73' lang='grc' dir='ltr'><strong>τ’)</strong></span> <span class='ocrx_word' id='word_1_13' title='bbox 1150 417 1237 480; x_wconf 79' lang='grc' dir='ltr'><strong><em>πλέον</em></strong></span> <span class='ocrx_word' id='word_1_14' title='bbox 1269 413 1290 496; x_wconf 76' lang='grc' dir='ltr'><em>ἢ</em></span> 
     </span>
     <span class='ocr_line' id='line_1_3' title="bbox 126 523 1289 608; baseline 0.002 -22"><span class='ocrx_word' id='word_1_15' title='bbox 126 523 271 586; x_wconf 70' lang='grc' dir='ltr'><strong><em>ἔλασσον·</em></strong></span> <span class='ocrx_word' id='word_1_16' title='bbox 304 523 356 598; x_wconf 73' lang='grc' dir='ltr'><strong><em>ταὶς</em></strong></span> <span class='ocrx_word' id='word_1_17' title='bbox 379 524 411 588; x_wconf 78' lang='grc' dir='ltr'><strong>δέ</strong></span> <span class='ocrx_word' id='word_1_18' title='bbox 440 523 549 598; x_wconf 82' lang='grc' dir='ltr'>νόσους</span> <span class='ocrx_word' id='word_1_19' title='bbox 572 527 692 606; x_wconf 76' lang='grc' dir='ltr'><strong><em>παρέχει</em></strong></span> <span class='ocrx_word' id='word_1_20' title='bbox 718 524 769 600; x_wconf 72' lang='grc' dir='ltr'><strong><em>τας</em></strong></span> <span class='ocrx_word' id='word_1_21' title='bbox 792 531 844 606; x_wconf 76' lang='grc' dir='ltr'><strong>μέν</strong></span> <span class='ocrx_word' id='word_1_22' title='bbox 875 523 935 588; x_wconf 72' lang='lat' dir='ltr'><strong>eiuro</strong></span> <span class='ocrx_word' id='word_1_23' title='bbox 964 532 1065 590; x_wconf 81' lang='grc' dir='ltr'><strong><em>σιτίων</em></strong></span> <span class='ocrx_word' id='word_1_24' title='bbox 1094 527 1145 590; x_wconf 79' lang='grc' dir='ltr'><strong>καὶ</strong></span> <span class='ocrx_word' id='word_1_25' title='bbox 1179 533 1289 608; x_wconf 71' lang='grc' dir='ltr'><strong><em>ποτῶν,</em></strong></span> 
     </span>
     <span class='ocr_line' id='line_1_4' title="bbox 126 631 1289 719; baseline 0.003 -22"><span class='ocrx_word' id='word_1_26' title='bbox 126 631 185 708; x_wconf 64' lang='grc' dir='ltr'><strong><em>’ταὶς</em></strong></span> <span class='ocrx_word' id='word_1_27' title='bbox 213 635 245 698; x_wconf 78' lang='grc' dir='ltr'><strong>δὲ</strong></span> <span class='ocrx_word' id='word_1_28' title='bbox 268 633 328 701; x_wconf 73' lang='lat' dir='ltr'><strong>timui</strong></span> <span class='ocrx_word' id='word_1_29' title='bbox 360 643 413 700; x_wconf 86' lang='grc' dir='ltr'><strong><em>τοῦ</em></strong></span> <span class='ocrx_word' id='word_1_30' title='bbox 446 641 563 716; x_wconf 75' lang='grc' dir='ltr'><strong><em>θερμοῦ</em></strong></span> <span class='ocrx_word' id='word_1_31' title='bbox 584 633 878 716; x_wconf 64' lang='grc' dir='ltr'><strong><em>τέττερθτρμαέντντος</em></strong></span> <span class='ocrx_word' id='word_1_32' title='bbox 910 637 958 698; x_wconf 79' lang='grc' dir='ltr'><strong>καὶ</strong></span> <span class='ocrx_word' id='word_1_33' title='bbox 993 633 1051 698; x_wconf 73' lang='lat' dir='ltr'><strong>tired</strong></span> <span class='ocrx_word' id='word_1_34' title='bbox 1085 644 1139 702; x_wconf 79' lang='grc' dir='ltr'><strong><em>τοῦ</em></strong></span> <span class='ocrx_word' id='word_1_35' title='bbox 1169 645 1289 719; x_wconf 75' lang='grc' dir='ltr'><em>ψυχροῦ</em></span> 
     </span>
     <span class='ocr_line' id='line_1_5' title="bbox 132 741 1289 831; baseline 0.003 -24"><span class='ocrx_word' id='word_1_36' title='bbox 132 741 358 828; x_wconf 77' lang='grc' dir='ltr'><strong><em>ὖττερψῦχοντος</em></strong></span> <span class='ocrx_word' id='word_1_37' title='bbox 387 752 435 829; x_wconf 83' lang='lat' dir='ltr'><strong>(of.</strong></span> <span class='ocrx_word' id='word_1_38' title='bbox 460 752 515 825; x_wconf 77' lang='lat'><strong>113</strong></span> <span class='ocrx_word' id='word_1_39' title='bbox 548 751 605 825; x_wconf 78' lang='lat'><strong>23;</strong></span> <span class='ocrx_word' id='word_1_40' title='bbox 636 773 668 812; x_wconf 85' lang='grc' dir='ltr'><strong>ττ.</strong></span> <span class='ocrx_word' id='word_1_41' title='bbox 691 753 801 810; x_wconf 74' lang='grc' dir='ltr'><strong><em>παθῶν</em></strong></span> <span class='ocrx_word' id='word_1_42' title='bbox 831 771 855 812; x_wconf 87' lang='lat' dir='ltr'><strong>o.</strong></span> <span class='ocrx_word' id='word_1_43' title='bbox 880 752 919 827; x_wconf 90' lang='lat'><strong>1).</strong></span> <span class='ocrx_word' id='word_1_44' title='bbox 964 769 988 814; x_wconf 82' lang='lat' dir='ltr'><strong>o.</strong></span> <span class='ocrx_word' id='word_1_45' title='bbox 1011 751 1065 814; x_wconf 80' lang='lat'><strong>24:</strong></span> <span class='ocrx_word' id='word_1_46' title='bbox 1097 746 1129 812; x_wconf 62' lang='lat' dir='ltr'><strong>to*</strong></span> <span class='ocrx_word' id='word_1_47' title='bbox 1152 749 1183 812; x_wconf 79' lang='lat' dir='ltr'><strong>dt</strong></span> <span class='ocrx_word' id='word_1_48' title='bbox 1205 751 1289 831; x_wconf 67' lang='grc' dir='ltr'><strong><em>ῥῖγος</em></strong></span> 
     </span>
     <span class='ocr_line' id='line_1_6' title="bbox 126 848 1286 946; baseline 0.005 -28"><span class='ocrx_word' id='word_1_49' title='bbox 126 913 139 927; x_wconf 73' lang='grc'>,</span> <span class='ocrx_word' id='word_1_50' title='bbox 155 911 161 922; x_wconf 92' lang='grc'><strong>.</strong></span> <span class='ocrx_word' id='word_1_51' title='bbox 178 909 206 923; x_wconf 90' lang='grc'><strong>..</strong></span> <span class='ocrx_word' id='word_1_52' title='bbox 229 848 417 938; x_wconf 72' lang='grc' dir='ltr'><strong><em>ἰσχυρότερον</em></strong></span> <span class='ocrx_word' id='word_1_53' title='bbox 439 862 557 940; x_wconf 76' lang='grc' dir='ltr'><strong><em>γίνεται,</em></strong></span> <span class='ocrx_word' id='word_1_54' title='bbox 579 856 651 921; x_wconf 81' lang='grc' dir='ltr'><strong><em>ὅταν</em></strong></span> <span class='ocrx_word' id='word_1_55' title='bbox 674 856 743 938; x_wconf 79' lang='grc' dir='ltr'><strong><em>χολτ)</em></strong></span> <span class='ocrx_word' id='word_1_56' title='bbox 767 859 817 920; x_wconf 81' lang='grc' dir='ltr'><strong>καλ</strong></span> <span class='ocrx_word' id='word_1_57' title='bbox 840 860 955 941; x_wconf 96' lang='grc' dir='ltr'><strong><em>φλέγμα</em></strong></span> <span class='ocrx_word' id='word_1_58' title='bbox 977 865 1131 946; x_wconf 72' lang='grc' dir='ltr'><strong><em>συμμιχθγ)</em></strong></span> <span class='ocrx_word' id='word_1_59' title='bbox 1149 861 1178 932; x_wconf 85' lang='grc' dir='ltr'><strong>ές</strong></span> <span class='ocrx_word' id='word_1_60' title='bbox 1193 857 1286 924; x_wconf 79' lang='lat' dir='ltr'><strong>toivro&#39;</strong></span> 
     </span>
     <span class='ocr_line' id='line_1_7' title="bbox 131 949 1289 1054; baseline 0.002 -24"><span class='ocrx_word' id='word_1_61' title='bbox 131 974 173 1054; x_wconf 77' lang='grc' dir='ltr'><strong><em>τῷ</em></strong></span> <span class='ocrx_word' id='word_1_62' title='bbox 196 971 295 1048; x_wconf 75' lang='grc' dir='ltr'><strong><em>αἵματι</em></strong></span> <span class='ocrx_word' id='word_1_63' title='bbox 328 966 348 1050; x_wconf 79' lang='grc' dir='ltr'><em>ἢ</em></span> <span class='ocrx_word' id='word_1_64' title='bbox 371 968 403 1032; x_wconf 84' lang='grc' dir='ltr'>τὸ</span> <span class='ocrx_word' id='word_1_65' title='bbox 427 949 525 1052; x_wconf 56' lang='grc' dir='ltr'><strong>ἕτεροι)</strong></span> <span class='ocrx_word' id='word_1_66' title='bbox 560 966 796 1050; x_wconf 65' lang='grc' dir='ltr'><strong><em>ἢαμφότερον·</em></strong></span> <span class='ocrx_word' id='word_1_67' title='bbox 828 975 937 1050; x_wconf 80' lang='grc' dir='ltr'><strong><em>μᾶλλον</em></strong></span> <span class='ocrx_word' id='word_1_68' title='bbox 970 970 1011 1045; x_wconf 77' lang='grc' dir='ltr'><strong>δέ,</strong></span> <span class='ocrx_word' id='word_1_69' title='bbox 1043 967 1081 1047; x_wconf 74' lang='grc' dir='ltr'><strong>ἢν</strong></span> <span class='ocrx_word' id='word_1_70' title='bbox 1111 968 1144 1032; x_wconf 79' lang='grc' dir='ltr'><strong><em>τό</em></strong></span> <span class='ocrx_word' id='word_1_71' title='bbox 1175 972 1289 1053; x_wconf 78' lang='grc' dir='ltr'><strong><em>φλέγμα</em></strong></span> 
     </span>
     <span class='ocr_line' id='line_1_8' title="bbox 126 1075 1289 1167; baseline 0 -25"><span class='ocrx_word' id='word_1_72' title='bbox 126 1085 286 1167; x_wconf 69' lang='grc' dir='ltr'><strong><em>συμμιχθῄ</em></strong></span> <span class='ocrx_word' id='word_1_73' title='bbox 309 1089 364 1163; x_wconf 91' lang='lat'><strong>(=</strong></span> <span class='ocrx_word' id='word_1_74' title='bbox 386 1085 519 1157; x_wconf 84' lang='lat' dir='ltr'>8-ll)‘</span> <span class='ocrx_word' id='word_1_75' title='bbox 543 1078 732 1163; x_wconf 77' lang='grc' dir='ltr'><strong>ψυχρότατον</strong></span> <span class='ocrx_word' id='word_1_76' title='bbox 755 1075 810 1164; x_wconf 71' lang='lat' dir='ltr'><strong>peip</strong></span> <span class='ocrx_word' id='word_1_77' title='bbox 826 1133 833 1146; x_wconf 93' lang='lat'>.</span> <span class='ocrx_word' id='word_1_78' title='bbox 850 1133 879 1147; x_wconf 86' lang='lat'><strong>..</strong></span> <span class='ocrx_word' id='word_1_79' title='bbox 902 1079 934 1144; x_wconf 79' lang='grc' dir='ltr'><em>τό</em></span> <span class='ocrx_word' id='word_1_80' title='bbox 958 1083 1081 1164; x_wconf 77' lang='grc' dir='ltr'><strong><em>φλέγμα,</em></strong></span> <span class='ocrx_word' id='word_1_81' title='bbox 1103 1084 1289 1162; x_wconf 80' lang='grc' dir='ltr'><strong><em>θερμότατον</em></strong></span> 
     </span>
     <span class='ocr_line' id='line_1_9' title="bbox 115 1187 1288 1278; baseline 0.003 -22"><span class='ocrx_word' id='word_1_82' title='bbox 115 1191 165 1256; x_wconf 70' lang='lat' dir='ltr'><strong>⁴tii</strong></span> <span class='ocrx_word' id='word_1_83' title='bbox 187 1187 270 1269; x_wconf 80' lang='grc' dir='ltr'><strong><em>αἷμα,</em></strong></span> <span class='ocrx_word' id='word_1_84' title='bbox 294 1190 480 1273; x_wconf 80' lang='grc' dir='ltr'><strong><em>ψυχρότερον</em></strong></span> <span class='ocrx_word' id='word_1_85' title='bbox 503 1190 534 1253; x_wconf 71' lang='lat' dir='ltr'><strong>di</strong></span> <span class='ocrx_word' id='word_1_86' title='bbox 557 1194 605 1254; x_wconf 80' lang='lat' dir='ltr'><strong>uui</strong></span> <span class='ocrx_word' id='word_1_87' title='bbox 622 1191 692 1272; x_wconf 74' lang='grc' dir='ltr'><strong><em>χολή</em></strong></span> <span class='ocrx_word' id='word_1_88' title='bbox 714 1197 767 1254; x_wconf 88' lang='grc' dir='ltr'><strong><em>τοῦ</em></strong></span> <span class='ocrx_word' id='word_1_89' title='bbox 790 1195 915 1271; x_wconf 79' lang='grc' dir='ltr'><strong><em>αἵματος</em></strong></span> <span class='ocrx_word' id='word_1_90' title='bbox 930 1243 937 1256; x_wconf 93' lang='grc'><strong>.</strong></span> <span class='ocrx_word' id='word_1_91' title='bbox 953 1245 959 1258; x_wconf 91' lang='grc'><strong>.</strong></span> <span class='ocrx_word' id='word_1_92' title='bbox 976 1245 1004 1258; x_wconf 91' lang='grc'><strong>..</strong></span> <span class='ocrx_word' id='word_1_93' title='bbox 1026 1215 1120 1278; x_wconf 76' lang='lat' dir='ltr'><strong>usqua</strong></span> <span class='ocrx_word' id='word_1_94' title='bbox 1142 1199 1179 1259; x_wconf 81' lang='lat' dir='ltr'><strong>{td</strong></span> <span class='ocrx_word' id='word_1_95' title='bbox 1199 1199 1288 1260; x_wconf 76' lang='lat' dir='ltr'><strong>finem</strong></span> 
     </span>
     <span class='ocr_line' id='line_1_10' title="bbox 127 1303 1288 1387; baseline -0.003 -19"><span class='ocrx_word' id='word_1_96' title='bbox 127 1307 450 1387; x_wconf 63' lang='lat' dir='ltr'><strong>&lt;ermengaudo</strong></span> <span class='ocrx_word' id='word_1_97' title='bbox 474 1308 514 1370; x_wconf 84' lang='lat'><strong>20</strong></span> <span class='ocrx_word' id='word_1_98' title='bbox 538 1308 577 1386; x_wconf 89' lang='lat' dir='ltr'><strong>[p.</strong></span> <span class='ocrx_word' id='word_1_99' title='bbox 601 1307 760 1385; x_wconf 78' lang='lat'>178,16];</span> <span class='ocrx_word' id='word_1_100' title='bbox 793 1306 852 1380; x_wconf 81' lang='lat'><strong>28;</strong></span> <span class='ocrx_word' id='word_1_101' title='bbox 875 1307 937 1383; x_wconf 85' lang='lat'>30).</span> <span class='ocrx_word' id='word_1_102' title='bbox 968 1327 990 1370; x_wconf 88' lang='lat' dir='ltr'><strong>o.</strong></span> <span class='ocrx_word' id='word_1_103' title='bbox 1014 1307 1071 1370; x_wconf 82' lang='lat'><strong>34:</strong></span> <span class='ocrx_word' id='word_1_104' title='bbox 1103 1305 1153 1366; x_wconf 78' lang='grc' dir='ltr'><strong>καὶ</strong></span> <span class='ocrx_word' id='word_1_105' title='bbox 1176 1303 1288 1384; x_wconf 80' lang='grc' dir='ltr'><strong><em>ψύχεος</em></strong></span> 
     </span>
    </p>
   </div>
   <div class='ocr_carea' id='block_1_3' title="bbox 126 1411 1286 1500">
    <p class='ocr_par' dir='ltr' id='par_1_3' title="bbox 126 1411 1286 1500">
     <span class='ocr_line' id='line_1_11' title="bbox 126 1411 1286 1500; baseline 0 -24"><span class='ocrx_word' id='word_1_106' title='bbox 126 1413 164 1476; x_wconf 65' lang='grc' dir='ltr'><strong>δέ</strong></span> <span class='ocrx_word' id='word_1_107' title='bbox 186 1419 240 1485; x_wconf 66' lang='grc' dir='ltr'><strong>καὶ,</strong></span> <span class='ocrx_word' id='word_1_108' title='bbox 260 1415 358 1500; x_wconf 81' lang='grc' dir='ltr'><strong><em>πυρὸς</em></strong></span> <span class='ocrx_word' id='word_1_109' title='bbox 387 1417 436 1476; x_wconf 80' lang='grc' dir='ltr'><strong>καὶ</strong></span> <span class='ocrx_word' id='word_1_110' title='bbox 460 1413 563 1478; x_wconf 82' lang='grc' dir='ltr'><em>πόνων</em></span> <span class='ocrx_word' id='word_1_111' title='bbox 585 1419 641 1497; x_wconf 92' lang='lat'><strong>(=</strong></span> <span class='ocrx_word' id='word_1_112' title='bbox 662 1437 688 1480; x_wconf 85' lang='lat' dir='ltr'><strong>v.</strong></span> <span class='ocrx_word' id='word_1_113' title='bbox 713 1419 764 1496; x_wconf 79' lang='lat'><strong>12)</strong></span> <span class='ocrx_word' id='word_1_114' title='bbox 796 1411 888 1496; x_wconf 75' lang='grc' dir='ltr'><strong><em>α’ργὴν</em></strong></span> <span class='ocrx_word' id='word_1_115' title='bbox 910 1415 1020 1494; x_wconf 81' lang='grc' dir='ltr'><strong><em>ταύτην</em></strong></span> <span class='ocrx_word' id='word_1_116' title='bbox 1043 1418 1129 1495; x_wconf 78' lang='grc' dir='ltr'>ἴσχει·</span> <span class='ocrx_word' id='word_1_117' title='bbox 1161 1413 1231 1477; x_wconf 76' lang='grc' dir='ltr'><strong><em>ὅταν</em></strong></span> <span class='ocrx_word' id='word_1_118' title='bbox 1254 1413 1286 1477; x_wconf 78' lang='grc' dir='ltr'><strong><em>τό</em></strong></span> 
     </span>
    </p>
   </div>
   <div class='ocr_carea' id='block_1_4' title="bbox 127 1520 1287 1613">
    <p class='ocr_par' dir='ltr' id='par_1_4' title="bbox 127 1520 1287 1613">
     <span class='ocr_line' id='line_1_12' title="bbox 127 1520 1287 1613; baseline 0.003 -29"><span class='ocrx_word' id='word_1_119' title='bbox 127 1520 206 1604; x_wconf 77' lang='grc' dir='ltr'><strong><em>αἷμα</em></strong></span> <span class='ocrx_word' id='word_1_120' title='bbox 230 1527 260 1588; x_wconf 85' lang='grc' dir='ltr'><strong>έν</strong></span> <span class='ocrx_word' id='word_1_121' title='bbox 282 1531 348 1612; x_wconf 71' lang='grc' dir='ltr'><strong><em>τῇσι</em></strong></span> <span class='ocrx_word' id='word_1_122' title='bbox 371 1527 483 1604; x_wconf 80' lang='grc' dir='ltr'><strong><em>φλεψὶν</em></strong></span> <span class='ocrx_word' id='word_1_123' title='bbox 505 1521 566 1588; x_wconf 73' lang='lat' dir='ltr'><strong>aiud</strong></span> <span class='ocrx_word' id='word_1_124' title='bbox 590 1531 644 1588; x_wconf 79' lang='lat' dir='ltr'><strong>roei</strong></span> <span class='ocrx_word' id='word_1_125' title='bbox 666 1527 833 1608; x_wconf 74' lang='grc' dir='ltr'><strong><em>φλέγματος</em></strong></span> <span class='ocrx_word' id='word_1_126' title='bbox 854 1532 972 1613; x_wconf 75' lang='grc' dir='ltr'><strong>ψυχθγ),</strong></span> <span class='ocrx_word' id='word_1_127' title='bbox 1001 1531 1173 1604; x_wconf 69' lang='grc' dir='ltr'><strong><em>μεταπίπτει</em></strong></span> <span class='ocrx_word' id='word_1_128' title='bbox 1191 1575 1287 1592; x_wconf 92' lang='grc'><strong>.....</strong></span> 
     </span>
    </p>
   </div>
   <div class='ocr_carea' id='block_1_5' title="bbox 122 1633 1287 3831">
    <p class='ocr_par' dir='ltr' id='par_1_5' title="bbox 126 1633 439 1717">
     <span class='ocr_line' id='line_1_13' title="bbox 126 1633 439 1717; baseline 0.01 -19"><span class='ocrx_word' id='word_1_129' title='bbox 126 1637 181 1698; x_wconf 80' lang='grc' dir='ltr'><strong>καὶ</strong></span> <span class='ocrx_word' id='word_1_130' title='bbox 205 1633 390 1715; x_wconf 66' lang='grc' dir='ltr'><strong><em>ἀποθνήσκει</em></strong></span> <span class='ocrx_word' id='word_1_131' title='bbox 403 1643 439 1717; x_wconf 90' lang='lat'><strong>¹).</strong></span> 
     </span>
    </p>

    <p class='ocr_par' dir='ltr' id='par_1_6' title="bbox 122 1747 1287 3831">
     <span class='ocr_line' id='line_1_14' title="bbox 216 1747 1287 1830; baseline 0 -16"><span class='ocrx_word' id='word_1_132' title='bbox 216 1751 312 1827; x_wconf 81' lang='lat' dir='ltr'><strong>Quare</strong></span> <span class='ocrx_word' id='word_1_133' title='bbox 332 1754 437 1830; x_wconf 82' lang='lat' dir='ltr'><strong>papyri</strong></span> <span class='ocrx_word' id='word_1_134' title='bbox 451 1755 599 1814; x_wconf 78' lang='lat' dir='ltr'><strong>auctorem</strong></span> <span class='ocrx_word' id='word_1_135' title='bbox 620 1754 657 1814; x_wconf 91' lang='lat' dir='ltr'><strong>ad</strong></span> <span class='ocrx_word' id='word_1_136' title='bbox 678 1753 787 1814; x_wconf 86' lang='lat' dir='ltr'><strong>librum</strong></span> <span class='ocrx_word' id='word_1_137' title='bbox 812 1774 841 1810; x_wconf 81' lang='grc' dir='ltr'><strong>π.</strong></span> <span class='ocrx_word' id='word_1_138' title='bbox 868 1747 963 1812; x_wconf 79' lang='grc' dir='ltr'>νόσων</span> <span class='ocrx_word' id='word_1_139' title='bbox 985 1753 1001 1813; x_wconf 93' lang='grc' dir='ltr'>Ι</span> <span class='ocrx_word' id='word_1_140' title='bbox 1023 1757 1155 1830; x_wconf 87' lang='lat' dir='ltr'><strong>epeotare</strong></span> <span class='ocrx_word' id='word_1_141' title='bbox 1176 1756 1287 1815; x_wconf 85' lang='lat' dir='ltr'><strong>eertum</strong></span> 
     </span>
     <span class='ocr_line' id='line_1_15' title="bbox 124 1863 1287 1944; baseline 0 -18"><span class='ocrx_word' id='word_1_142' title='bbox 124 1865 176 1926; x_wconf 83' lang='lat' dir='ltr'><strong>eet</strong></span> <span class='ocrx_word' id='word_1_143' title='bbox 198 1867 226 1925; x_wconf 88' lang='lat' dir='ltr'><strong>et</strong></span> <span class='ocrx_word' id='word_1_144' title='bbox 248 1865 354 1944; x_wconf 78' lang='lat' dir='ltr'><strong>quibus</strong></span> <span class='ocrx_word' id='word_1_145' title='bbox 384 1864 456 1926; x_wconf 84' lang='lat' dir='ltr'><strong>loeis</strong></span> <span class='ocrx_word' id='word_1_146' title='bbox 476 1882 549 1926; x_wconf 80' lang='lat' dir='ltr'><strong>usus</strong></span> <span class='ocrx_word' id='word_1_147' title='bbox 580 1867 626 1936; x_wconf 85' lang='lat' dir='ltr'><strong>sit,</strong></span> <span class='ocrx_word' id='word_1_148' title='bbox 656 1865 688 1924; x_wconf 90' lang='lat' dir='ltr'><strong>iu</strong></span> <span class='ocrx_word' id='word_1_149' title='bbox 709 1868 817 1944; x_wconf 89' lang='lat' dir='ltr'><strong>aperto.</strong></span> <span class='ocrx_word' id='word_1_150' title='bbox 870 1866 909 1926; x_wconf 81' lang='lat' dir='ltr'><strong>At</strong></span> <span class='ocrx_word' id='word_1_151' title='bbox 938 1868 1036 1926; x_wconf 85' lang='lat' dir='ltr'><strong>tamon</strong></span> <span class='ocrx_word' id='word_1_152' title='bbox 1065 1863 1162 1926; x_wconf 86' lang='lat' dir='ltr'><strong>loeum</strong></span> <span class='ocrx_word' id='word_1_153' title='bbox 1193 1867 1287 1926; x_wconf 89' lang='lat' dir='ltr'><strong>totum</strong></span> 
     </span>
     <span class='ocr_line' id='line_1_16' title="bbox 129 1975 1286 2053; baseline 0 -17"><span class='ocrx_word' id='word_1_154' title='bbox 129 1976 294 2052; x_wconf 78' lang='lat' dir='ltr'><strong>restituere,</strong></span> <span class='ocrx_word' id='word_1_155' title='bbox 317 1977 372 2038; x_wconf 81' lang='lat' dir='ltr'><strong>etei</strong></span> <span class='ocrx_word' id='word_1_156' title='bbox 394 1975 519 2036; x_wconf 89' lang='lat' dir='ltr'><strong>multum</strong></span> <span class='ocrx_word' id='word_1_157' title='bbox 543 1975 697 2047; x_wconf 78' lang='lat' dir='ltr'><strong>elaboravi,</strong></span> <span class='ocrx_word' id='word_1_158' title='bbox 721 1976 796 2038; x_wconf 91' lang='lat' dir='ltr'><strong>mihi</strong></span> <span class='ocrx_word' id='word_1_159' title='bbox 818 1993 875 2037; x_wconf 89' lang='lat' dir='ltr'><strong>uon</strong></span> <span class='ocrx_word' id='word_1_160' title='bbox 898 1977 1027 2053; x_wconf 76' lang='lat' dir='ltr'><strong>contigit.</strong></span> <span class='ocrx_word' id='word_1_161' title='bbox 1070 1975 1159 2036; x_wconf 82' lang='lat' dir='ltr'><strong>Ouius</strong></span> <span class='ocrx_word' id='word_1_162' title='bbox 1180 1977 1223 2036; x_wconf 90' lang='lat' dir='ltr'><strong>rei</strong></span> <span class='ocrx_word' id='word_1_163' title='bbox 1245 2007 1286 2020; x_wconf 86' lang='lat'><strong>—-</strong></span> 
     </span>
     <span class='ocr_line' id='line_1_17' title="bbox 122 2085 1286 2166; baseline 0.002 -20"><span class='ocrx_word' id='word_1_164' title='bbox 122 2103 219 2166; x_wconf 84' lang='lat' dir='ltr'><strong>quam</strong></span> <span class='ocrx_word' id='word_1_165' title='bbox 236 2086 442 2148; x_wconf 79' lang='lat' dir='ltr'><strong>molestissime</strong></span> <span class='ocrx_word' id='word_1_166' title='bbox 458 2086 573 2150; x_wconf 74' lang='lat' dir='ltr'><strong>scilieet</strong></span> <span class='ocrx_word' id='word_1_167' title='bbox 592 2086 653 2148; x_wconf 81' lang='lat' dir='ltr'><strong>iero</strong></span> <span class='ocrx_word' id='word_1_168' title='bbox 675 2121 716 2132; x_wconf 91' lang='lat'>-</span> <span class='ocrx_word' id='word_1_169' title='bbox 738 2105 796 2148; x_wconf 88' lang='lat' dir='ltr'><strong>nou</strong></span> <span class='ocrx_word' id='word_1_170' title='bbox 817 2103 926 2165; x_wconf 87' lang='lat' dir='ltr'><strong>pauoae</strong></span> <span class='ocrx_word' id='word_1_171' title='bbox 941 2087 1033 2148; x_wconf 88' lang='lat' dir='ltr'><strong>habeo</strong></span> <span class='ocrx_word' id='word_1_172' title='bbox 1050 2103 1153 2148; x_wconf 77' lang='lat' dir='ltr'><strong>caueae</strong></span> <span class='ocrx_word' id='word_1_173' title='bbox 1174 2085 1286 2148; x_wconf 85' lang='lat' dir='ltr'><strong>afferre.</strong></span> 
     </span>
     <span class='ocr_line' id='line_1_18' title="bbox 127 2195 1286 2278; baseline 0.003 -22"><span class='ocrx_word' id='word_1_174' title='bbox 127 2195 208 2257; x_wconf 87' lang='lat' dir='ltr'><strong>Nam</strong></span> <span class='ocrx_word' id='word_1_175' title='bbox 229 2201 433 2278; x_wconf 73' lang='lat' dir='ltr'><strong>praeterquam</strong></span> <span class='ocrx_word' id='word_1_176' title='bbox 455 2199 533 2276; x_wconf 85' lang='lat' dir='ltr'><strong>quod</strong></span> <span class='ocrx_word' id='word_1_177' title='bbox 554 2199 663 2276; x_wconf 83' lang='lat' dir='ltr'><strong>pagina</strong></span> <span class='ocrx_word' id='word_1_178' title='bbox 684 2197 737 2258; x_wconf 90' lang='lat' dir='ltr'><strong>illa</strong></span> <span class='ocrx_word' id='word_1_179' title='bbox 758 2198 840 2260; x_wconf 82' lang='lat' dir='ltr'><strong>foede</strong></span> <span class='ocrx_word' id='word_1_180' title='bbox 854 2199 961 2258; x_wconf 87' lang='lat' dir='ltr'><strong>tradita</strong></span> <span class='ocrx_word' id='word_1_181' title='bbox 977 2205 1027 2270; x_wconf 83' lang='lat' dir='ltr'><strong>eet,</strong></span> <span class='ocrx_word' id='word_1_182' title='bbox 1048 2215 1086 2258; x_wconf 89' lang='lat' dir='ltr'><strong>ne</strong></span> <span class='ocrx_word' id='word_1_183' title='bbox 1109 2215 1143 2258; x_wconf 84' lang='lat' dir='ltr'><strong>ea</strong></span> <span class='ocrx_word' id='word_1_184' title='bbox 1159 2199 1286 2276; x_wconf 86' lang='lat' dir='ltr'><strong>quidem,</strong></span> 
     </span>
     <span class='ocr_line' id='line_1_19' title="bbox 122 2307 1287 2386; baseline 0 -18"><span class='ocrx_word' id='word_1_185' title='bbox 122 2324 205 2386; x_wconf 81' lang='lat' dir='ltr'><strong>queo</strong></span> <span class='ocrx_word' id='word_1_186' title='bbox 218 2307 349 2370; x_wconf 82' lang='lat' dir='ltr'><strong>Dieleiue</strong></span> <span class='ocrx_word' id='word_1_187' title='bbox 372 2326 546 2386; x_wconf 84' lang='lat' dir='ltr'><strong>eognoeeere</strong></span> <span class='ocrx_word' id='word_1_188' title='bbox 569 2326 634 2370; x_wconf 85' lang='grc' dir='ltr'><strong><em>ττττ</em></strong></span> <span class='ocrx_word' id='word_1_189' title='bbox 655 2309 777 2386; x_wconf 85' lang='lat' dir='ltr'><strong>putabat</strong></span> <span class='ocrx_word' id='word_1_190' title='bbox 800 2311 828 2370; x_wconf 88' lang='lat' dir='ltr'><strong>et</strong></span> <span class='ocrx_word' id='word_1_191' title='bbox 850 2309 948 2382; x_wconf 83' lang='lat' dir='ltr'><strong>edidit,</strong></span> <span class='ocrx_word' id='word_1_192' title='bbox 974 2311 1025 2370; x_wconf 88' lang='lat' dir='ltr'><strong>aut</strong></span> <span class='ocrx_word' id='word_1_193' title='bbox 1047 2311 1125 2370; x_wconf 83' lang='lat' dir='ltr'><strong>oerta</strong></span> <span class='ocrx_word' id='word_1_194' title='bbox 1147 2311 1215 2379; x_wconf 87' lang='lat' dir='ltr'><strong>eunt</strong></span> <span class='ocrx_word' id='word_1_195' title='bbox 1236 2311 1287 2370; x_wconf 90' lang='lat' dir='ltr'><strong>aut</strong></span> 
     </span>
     <span class='ocr_line' id='line_1_20' title="bbox 127 2417 1286 2496; baseline 0.001 -16"><span class='ocrx_word' id='word_1_196' title='bbox 127 2419 248 2480; x_wconf 87' lang='lat' dir='ltr'><strong>omuino</strong></span> <span class='ocrx_word' id='word_1_197' title='bbox 269 2419 427 2482; x_wconf 86' lang='lat' dir='ltr'><strong>toleranda.</strong></span> <span class='ocrx_word' id='word_1_198' title='bbox 471 2418 512 2480; x_wconf 89' lang='lat' dir='ltr'><strong>Ut</strong></span> <span class='ocrx_word' id='word_1_199' title='bbox 531 2420 609 2480; x_wconf 89' lang='lat' dir='ltr'><strong>enim</strong></span> <span class='ocrx_word' id='word_1_200' title='bbox 631 2420 667 2480; x_wconf 87' lang='lat' dir='ltr'><strong>ab</strong></span> <span class='ocrx_word' id='word_1_201' title='bbox 689 2419 772 2480; x_wconf 86' lang='lat' dir='ltr'><strong>initio</strong></span> <span class='ocrx_word' id='word_1_202' title='bbox 795 2420 898 2490; x_wconf 88' lang='lat' dir='ltr'><strong>ordiar,</strong></span> <span class='ocrx_word' id='word_1_203' title='bbox 920 2419 1076 2496; x_wconf 83' lang='lat' dir='ltr'><strong>ambiguae</strong></span> <span class='ocrx_word' id='word_1_204' title='bbox 1091 2417 1286 2481; x_wconf 82' lang='lat' dir='ltr'><strong>euntlitteme</strong></span> 
     </span>
     <span class='ocr_line' id='line_1_21' title="bbox 129 2523 1285 2608; baseline 0.004 -21"><span class='ocrx_word' id='word_1_205' title='bbox 129 2548 156 2588; x_wconf 84' lang='grc' dir='ltr'><strong><em>τι</em></strong></span> <span class='ocrx_word' id='word_1_206' title='bbox 178 2530 242 2606; x_wconf 83' lang='lat' dir='ltr'>(VI,</span> <span class='ocrx_word' id='word_1_207' title='bbox 265 2529 327 2608; x_wconf 82' lang='lat'>45),</span> <span class='ocrx_word' id='word_1_208' title='bbox 358 2530 476 2608; x_wconf 67' lang='lat' dir='ltr'><strong>pom,</strong></span> <span class='ocrx_word' id='word_1_209' title='bbox 500 2531 532 2608; x_wconf 79' lang='lat'><strong>2)</strong></span> <span class='ocrx_word' id='word_1_210' title='bbox 554 2563 597 2574; x_wconf 90' lang='lat'><strong>-·-</strong></span> <span class='ocrx_word' id='word_1_211' title='bbox 618 2531 716 2608; x_wconf 81' lang='lat' dir='ltr'><strong>itaque</strong></span> <span class='ocrx_word' id='word_1_212' title='bbox 737 2529 811 2592; x_wconf 85' lang='lat' dir='ltr'><strong>illud</strong></span> <span class='ocrx_word' id='word_1_213' title='bbox 840 2528 914 2607; x_wconf 83' lang='grc' dir='ltr'><strong><em>λέγει</em></strong></span> <span class='ocrx_word' id='word_1_214' title='bbox 937 2563 988 2601; x_wconf 87' lang='grc'><strong>-,</strong></span> <span class='ocrx_word' id='word_1_215' title='bbox 1016 2523 1086 2586; x_wconf 78' lang='grc' dir='ltr'><strong><em>τάδε</em></strong></span> <span class='ocrx_word' id='word_1_216' title='bbox 1115 2528 1198 2606; x_wconf 77' lang='lat' dir='ltr'>(VII,</span> <span class='ocrx_word' id='word_1_217' title='bbox 1224 2530 1285 2606; x_wconf 81' lang='lat'>11),</span> 
     </span>
     <span class='ocr_line' id='line_1_22' title="bbox 122 2637 1286 2718; baseline -0.003 -16"><span class='ocrx_word' id='word_1_218' title='bbox 122 2641 214 2702; x_wconf 81' lang='lat' dir='ltr'><strong>euius</strong></span> <span class='ocrx_word' id='word_1_219' title='bbox 244 2641 341 2704; x_wconf 86' lang='lat' dir='ltr'><strong>loeum</strong></span> <span class='ocrx_word' id='word_1_220' title='bbox 373 2639 437 2698; x_wconf 78' lang='lat' dir='ltr'><strong>aide</strong></span> <span class='ocrx_word' id='word_1_221' title='bbox 467 2641 557 2702; x_wconf 91' lang='lat' dir='ltr'><strong>multo</strong></span> <span class='ocrx_word' id='word_1_222' title='bbox 580 2641 686 2704; x_wconf 78' lang='lat' dir='ltr'><strong>melius</strong></span> <span class='ocrx_word' id='word_1_223' title='bbox 717 2642 845 2703; x_wconf 80' lang='lat' dir='ltr'><strong>obtineat</strong></span> <span class='ocrx_word' id='word_1_224' title='bbox 875 2643 925 2714; x_wconf 78' lang='lat' dir='ltr'><strong>ita,</strong></span> <span class='ocrx_word' id='word_1_225' title='bbox 953 2645 986 2701; x_wconf 90' lang='lat' dir='ltr'><strong>ut</strong></span> <span class='ocrx_word' id='word_1_226' title='bbox 1014 2642 1205 2718; x_wconf 86' lang='lat' dir='ltr'><strong>praeoedente</strong></span> <span class='ocrx_word' id='word_1_227' title='bbox 1234 2637 1286 2716; x_wconf 85' lang='grc' dir='ltr'><strong>μὲν</strong></span> 
     </span>
     <span class='ocr_line' id='line_1_23' title="bbox 122 2743 1284 2831; baseline -0.005 -17"><span class='ocrx_word' id='word_1_228' title='bbox 122 2753 316 2814; x_wconf 70' lang='lat' dir='ltr'><strong>scribendum</strong></span> <span class='ocrx_word' id='word_1_229' title='bbox 338 2755 377 2814; x_wconf 81' lang='lat' dir='ltr'><strong>sit</strong></span> <span class='ocrx_word' id='word_1_230' title='bbox 398 2751 445 2814; x_wconf 79' lang='lat' dir='ltr'><strong>val</strong></span> <span class='ocrx_word' id='word_1_231' title='bbox 468 2751 501 2810; x_wconf 82' lang='grc' dir='ltr'><strong>αἳ</strong></span> <span class='ocrx_word' id='word_1_232' title='bbox 518 2749 549 2810; x_wconf 78' lang='grc' dir='ltr'><strong>δέ</strong></span> <span class='ocrx_word' id='word_1_233' title='bbox 572 2752 732 2831; x_wconf 82' lang='grc' dir='ltr'><strong><em>γλ(νοντατ)</em></strong></span> <span class='ocrx_word' id='word_1_234' title='bbox 752 2751 801 2814; x_wconf 81' lang='lat' dir='ltr'><strong>vel</strong></span> <span class='ocrx_word' id='word_1_235' title='bbox 824 2749 888 2809; x_wconf 76' lang='lat' dir='ltr'><strong>etde</strong></span> <span class='ocrx_word' id='word_1_236' title='bbox 911 2747 942 2810; x_wconf 79' lang='grc' dir='ltr'><strong>δέ</strong></span> <span class='ocrx_word' id='word_1_237' title='bbox 966 2748 1049 2818; x_wconf 84' lang='grc' dir='ltr'><strong><em>έκτὸς</em></strong></span> <span class='ocrx_word' id='word_1_238' title='bbox 1071 2743 1132 2810; x_wconf 67' lang='lat' dir='ltr'><strong>eine</strong></span> <span class='ocrx_word' id='word_1_239' title='bbox 1156 2745 1284 2826; x_wconf 73' lang='grc' dir='ltr'><strong><em>τραυμα-</em></strong></span> 
     </span>
     <span class='ocr_line' id='line_1_24' title="bbox 127 2856 1285 2938; baseline -0.001 -12"><span class='ocrx_word' id='word_1_240' title='bbox 127 2861 240 2938; x_wconf 57' lang='lat' dir='ltr'><strong>rufi).</strong></span> <span class='ocrx_word' id='word_1_241' title='bbox 285 2863 447 2926; x_wconf 86' lang='lat' dir='ltr'><strong>Obeeurum</strong></span> <span class='ocrx_word' id='word_1_242' title='bbox 478 2865 576 2926; x_wconf 85' lang='lat' dir='ltr'><strong>autem</strong></span> <span class='ocrx_word' id='word_1_243' title='bbox 604 2863 679 2924; x_wconf 90' lang='lat' dir='ltr'><strong>illud</strong></span> <span class='ocrx_word' id='word_1_244' title='bbox 709 2856 830 2935; x_wconf 79' lang='grc' dir='ltr'><strong><em>φύσεων</em></strong></span> <span class='ocrx_word' id='word_1_245' title='bbox 859 2865 910 2937; x_wconf 84' lang='lat' dir='ltr'><strong>eet,</strong></span> <span class='ocrx_word' id='word_1_246' title='bbox 939 2880 1008 2924; x_wconf 86' lang='lat' dir='ltr'><strong>uam</strong></span> <span class='ocrx_word' id='word_1_247' title='bbox 1036 2863 1063 2924; x_wconf 86' lang='lat' dir='ltr'><strong>ei</strong></span> <span class='ocrx_word' id='word_1_248' title='bbox 1093 2856 1198 2931; x_wconf 79' lang='grc' dir='ltr'><strong><em>φύσεις</em></strong></span> <span class='ocrx_word' id='word_1_249' title='bbox 1229 2863 1285 2924; x_wconf 91' lang='lat' dir='ltr'><strong>hoo</strong></span> 
     </span>
     <span class='ocr_line' id='line_1_25' title="bbox 122 2973 1285 3054; baseline 0 -18"><span class='ocrx_word' id='word_1_250' title='bbox 122 2973 193 3036; x_wconf 78' lang='lat' dir='ltr'><strong>douo</strong></span> <span class='ocrx_word' id='word_1_251' title='bbox 224 2973 321 3036; x_wconf 85' lang='lat' dir='ltr'><strong>valere</strong></span> <span class='ocrx_word' id='word_1_252' title='bbox 351 2975 493 3036; x_wconf 84' lang='lat' dir='ltr'><strong>elementa</strong></span> <span class='ocrx_word' id='word_1_253' title='bbox 519 2975 646 3054; x_wconf 81' lang='lat' dir='ltr'><strong>eorporis</strong></span> <span class='ocrx_word' id='word_1_254' title='bbox 675 2975 706 3036; x_wconf 88' lang='lat' dir='ltr'><strong>iu</strong></span> <span class='ocrx_word' id='word_1_255' title='bbox 736 2975 832 3036; x_wconf 84' lang='lat' dir='ltr'><strong>indiae</strong></span> <span class='ocrx_word' id='word_1_256' title='bbox 862 2975 1016 3036; x_wconf 83' lang='lat' dir='ltr'><strong>verbomm</strong></span> <span class='ocrx_word' id='word_1_257' title='bbox 1049 2973 1185 3052; x_wconf 86' lang='lat' dir='ltr'><strong>legimus,</strong></span> <span class='ocrx_word' id='word_1_258' title='bbox 1217 2975 1285 3036; x_wconf 85' lang='lat' dir='ltr'><strong>nori</strong></span> 
     </span>
     <span class='ocr_line' id='line_1_26' title="bbox 131 3083 1284 3164; baseline 0 -18"><span class='ocrx_word' id='word_1_259' title='bbox 131 3083 247 3164; x_wconf 88' lang='lat' dir='ltr'><strong>aliquid</strong></span> <span class='ocrx_word' id='word_1_260' title='bbox 269 3086 415 3148; x_wconf 77' lang='lat' dir='ltr'><strong>dieoimua.</strong></span> <span class='ocrx_word' id='word_1_261' title='bbox 460 3084 668 3164; x_wconf 84' lang='lat' dir='ltr'><strong>Supplemeute</strong></span> <span class='ocrx_word' id='word_1_262' title='bbox 688 3103 764 3162; x_wconf 83' lang='lat' dir='ltr'><strong>voro,</strong></span> <span class='ocrx_word' id='word_1_263' title='bbox 787 3103 863 3164; x_wconf 86' lang='lat' dir='ltr'><strong>quae</strong></span> <span class='ocrx_word' id='word_1_264' title='bbox 876 3085 1007 3146; x_wconf 82' lang='lat' dir='ltr'><strong>Dieleiue</strong></span> <span class='ocrx_word' id='word_1_265' title='bbox 1021 3084 1130 3162; x_wconf 84' lang='lat' dir='ltr'><strong>profert</strong></span> <span class='ocrx_word' id='word_1_266' title='bbox 1152 3101 1284 3163; x_wconf 84' lang='lat' dir='ltr'><strong>quaeque</strong></span> 
     </span>
     <span class='ocr_line' id='line_1_27' title="bbox 128 3195 1285 3276; baseline 0 -20"><span class='ocrx_word' id='word_1_267' title='bbox 128 3213 188 3256; x_wconf 89' lang='lat' dir='ltr'><strong>non</strong></span> <span class='ocrx_word' id='word_1_268' title='bbox 204 3198 309 3276; x_wconf 89' lang='lat' dir='ltr'><strong>reoepi,</strong></span> <span class='ocrx_word' id='word_1_269' title='bbox 331 3199 448 3258; x_wconf 88' lang='lat' dir='ltr'><strong>omniuo</strong></span> <span class='ocrx_word' id='word_1_270' title='bbox 463 3215 533 3258; x_wconf 85' lang='lat' dir='ltr'><strong>saue</strong></span> <span class='ocrx_word' id='word_1_271' title='bbox 548 3196 817 3276; x_wconf 78' lang='lat' dir='ltr'><strong>neglegendaeuut.</strong></span> <span class='ocrx_word' id='word_1_272' title='bbox 862 3195 920 3258; x_wconf 86' lang='lat' dir='ltr'><strong>Sed</strong></span> <span class='ocrx_word' id='word_1_273' title='bbox 943 3197 1077 3276; x_wconf 80' lang='lat' dir='ltr'><strong>quamvis</strong></span> <span class='ocrx_word' id='word_1_274' title='bbox 1098 3195 1216 3258; x_wconf 89' lang='lat' dir='ltr'><strong>diifioile</strong></span> <span class='ocrx_word' id='word_1_275' title='bbox 1238 3197 1285 3270; x_wconf 87' lang='lat' dir='ltr'><strong>sit,</strong></span> 
     </span>
     <span class='ocr_line' id='line_1_28' title="bbox 124 3307 1285 3391; baseline -0.003 -21"><span class='ocrx_word' id='word_1_276' title='bbox 124 3308 211 3388; x_wconf 85' lang='lat' dir='ltr'><strong>quin,</strong></span> <span class='ocrx_word' id='word_1_277' title='bbox 243 3309 384 3391; x_wconf 90' lang='lat' dir='ltr'><strong>quomodo</strong></span> <span class='ocrx_word' id='word_1_278' title='bbox 413 3308 585 3372; x_wconf 83' lang='lat' dir='ltr'><strong>leomarum</strong></span> <span class='ocrx_word' id='word_1_279' title='bbox 612 3326 681 3388; x_wconf 85' lang='lat' dir='ltr'><strong>pare</strong></span> <span class='ocrx_word' id='word_1_280' title='bbox 712 3307 822 3387; x_wconf 86' lang='lat' dir='ltr'><strong>expleri</strong></span> <span class='ocrx_word' id='word_1_281' title='bbox 852 3309 952 3387; x_wconf 78' lang='lat' dir='ltr'><strong>possit,</strong></span> <span class='ocrx_word' id='word_1_282' title='bbox 982 3307 1161 3379; x_wconf 89' lang='lat' dir='ltr'><strong>adumbrem,</strong></span> <span class='ocrx_word' id='word_1_283' title='bbox 1189 3307 1285 3367; x_wconf 82' lang='lat' dir='ltr'><strong>faeere</strong></span> 
     </span>
     <span class='ocr_line' id='line_1_29' title="bbox 125 3417 1283 3498; baseline -0.005 -18"><span class='ocrx_word' id='word_1_284' title='bbox 125 3437 189 3480; x_wconf 83' lang='lat' dir='ltr'><strong>uon</strong></span> <span class='ocrx_word' id='word_1_285' title='bbox 198 3436 326 3498; x_wconf 80' lang='lat' dir='ltr'><strong>possum.</strong></span> <span class='ocrx_word' id='word_1_286' title='bbox 354 3421 398 3480; x_wconf 80' lang='lat' dir='ltr'><strong>Ae</strong></span> <span class='ocrx_word' id='word_1_287' title='bbox 412 3421 541 3498; x_wconf 87' lang='lat' dir='ltr'><strong>primum</strong></span> <span class='ocrx_word' id='word_1_288' title='bbox 554 3420 586 3480; x_wconf 90' lang='lat' dir='ltr'><strong>iu</strong></span> <span class='ocrx_word' id='word_1_289' title='bbox 600 3421 735 3482; x_wconf 78' lang='lat' dir='ltr'><strong>versibus</strong></span> <span class='ocrx_word' id='word_1_290' title='bbox 750 3419 769 3480; x_wconf 77' lang='lat'>2</span> <span class='ocrx_word' id='word_1_291' title='bbox 785 3421 814 3480; x_wconf 92' lang='lat' dir='ltr'><strong>et</strong></span> <span class='ocrx_word' id='word_1_292' title='bbox 828 3417 847 3479; x_wconf 83' lang='lat'><strong>3</strong></span> <span class='ocrx_word' id='word_1_293' title='bbox 862 3418 936 3480; x_wconf 87' lang='lat' dir='ltr'><strong>heeo</strong></span> <span class='ocrx_word' id='word_1_294' title='bbox 950 3417 1010 3480; x_wconf 88' lang='lat' dir='ltr'><strong>iere</strong></span> <span class='ocrx_word' id='word_1_295' title='bbox 1024 3419 1120 3480; x_wconf 81' lang='lat' dir='ltr'><strong>inesse</strong></span> <span class='ocrx_word' id='word_1_296' title='bbox 1133 3417 1283 3484; x_wconf 82' lang='lat' dir='ltr'><strong>videntur:</strong></span> 
     </span>
     <span class='ocr_line' id='line_1_30' title="bbox 133 3519 1279 3608; baseline -0.003 -19"><span class='ocrx_word' id='word_1_297' title='bbox 133 3524 196 3607; x_wconf 79' lang='grc' dir='ltr'>ὁι[ἂ</span> <span class='ocrx_word' id='word_1_298' title='bbox 217 3524 329 3598; x_wconf 78' lang='grc' dir='ltr'>πόνους</span> <span class='ocrx_word' id='word_1_299' title='bbox 358 3522 377 3604; x_wconf 73' lang='grc' dir='ltr'><strong>τ’)</strong></span> <span class='ocrx_word' id='word_1_300' title='bbox 399 3524 552 3606; x_wconf 83' lang='grc' dir='ltr'><strong><em>τραύματα</em></strong></span> <span class='ocrx_word' id='word_1_301' title='bbox 576 3577 672 3590; x_wconf 89' lang='grc'><strong>.....</strong></span> <span class='ocrx_word' id='word_1_302' title='bbox 673 3529 685 3607; x_wconf 94' lang='grc'>]</span> <span class='ocrx_word' id='word_1_303' title='bbox 716 3521 938 3608; x_wconf 74' lang='grc' dir='ltr'><strong><em>ἢῦττ[ερβτλτ)ν</em></strong></span> <span class='ocrx_word' id='word_1_304' title='bbox 969 3531 1089 3606; x_wconf 80' lang='grc' dir='ltr'><strong><em>ψυχροῦ</em></strong></span> <span class='ocrx_word' id='word_1_305' title='bbox 1122 3519 1279 3604; x_wconf 78' lang='grc' dir='ltr'><strong><em>ἢθτρμοῦ</em></strong></span> 
     </span>
     <span class='ocr_line' id='line_1_31' title="bbox 135 3633 1285 3718; baseline 0 -18"><span class='ocrx_word' id='word_1_306' title='bbox 135 3634 189 3710; x_wconf 81' lang='grc' dir='ltr'><strong><em>τοὶς</em></strong></span> <span class='ocrx_word' id='word_1_307' title='bbox 210 3636 240 3698; x_wconf 74' lang='grc' dir='ltr'><strong>δὲ</strong></span> <span class='ocrx_word' id='word_1_308' title='bbox 262 3633 344 3710; x_wconf 82' lang='grc' dir='ltr'><strong><em>λντὸς</em></strong></span> <span class='ocrx_word' id='word_1_309' title='bbox 368 3634 442 3718; x_wconf 74' lang='grc' dir='ltr'><strong>ἀπὸ]</strong></span> <span class='ocrx_word' id='word_1_310' title='bbox 465 3643 498 3702; x_wconf 89' lang='lat' dir='ltr'><strong>ut</strong></span> <span class='ocrx_word' id='word_1_311' title='bbox 519 3643 551 3704; x_wconf 88' lang='lat' dir='ltr'><strong>in</strong></span> <span class='ocrx_word' id='word_1_312' title='bbox 573 3659 660 3702; x_wconf 85' lang='lat' dir='ltr'><strong>verou</strong></span> <span class='ocrx_word' id='word_1_313' title='bbox 694 3641 711 3702; x_wconf 90' lang='lat'>1</span> <span class='ocrx_word' id='word_1_314' title='bbox 734 3635 787 3709; x_wconf 74' lang='lat' dir='ltr'><strong>edo</strong></span> <span class='ocrx_word' id='word_1_315' title='bbox 809 3637 862 3715; x_wconf 79' lang='grc' dir='ltr'><strong>μὲν</strong></span> <span class='ocrx_word' id='word_1_316' title='bbox 885 3633 969 3708; x_wconf 77' lang='grc' dir='ltr'><strong><em>ἐκτός</em></strong></span> <span class='ocrx_word' id='word_1_317' title='bbox 991 3639 1224 3702; x_wconf 82' lang='lat' dir='ltr'><strong>subaudiendum</strong></span> <span class='ocrx_word' id='word_1_318' title='bbox 1246 3640 1285 3700; x_wconf 83' lang='lat' dir='ltr'><strong>eit</strong></span> 
     </span>
     <span class='ocr_line' id='line_1_32' title="bbox 125 3751 1285 3831; baseline -0.002 -17"><span class='ocrx_word' id='word_1_319' title='bbox 125 3752 179 3814; x_wconf 74' lang='lat' dir='ltr'><strong>Ad</strong></span> <span class='ocrx_word' id='word_1_320' title='bbox 200 3770 303 3814; x_wconf 78' lang='lat' dir='ltr'><strong>versus</strong></span> <span class='ocrx_word' id='word_1_321' title='bbox 333 3759 431 3814; x_wconf 87' lang='lat' dir='ltr'><strong>autom</strong></span> <span class='ocrx_word' id='word_1_322' title='bbox 464 3752 547 3814; x_wconf 78' lang='lat'><strong>6-7</strong></span> <span class='ocrx_word' id='word_1_323' title='bbox 578 3751 756 3831; x_wconf 80' lang='lat' dir='ltr'><strong>supplendos</strong></span> <span class='ocrx_word' id='word_1_324' title='bbox 778 3769 794 3814; x_wconf 93' lang='grc' dir='ltr'><strong><em>τ</em></strong></span> <span class='ocrx_word' id='word_1_325' title='bbox 817 3751 910 3831; x_wconf 86' lang='lat' dir='ltr'><strong>eapite</strong></span> <span class='ocrx_word' id='word_1_326' title='bbox 932 3752 951 3812; x_wconf 81' lang='lat'><strong>2</strong></span> <span class='ocrx_word' id='word_1_327' title='bbox 973 3753 1088 3830; x_wconf 82' lang='lat' dir='ltr'><strong>praesto</strong></span> <span class='ocrx_word' id='word_1_328' title='bbox 1110 3751 1195 3812; x_wconf 88' lang='lat' dir='ltr'><strong>nobie</strong></span> <span class='ocrx_word' id='word_1_329' title='bbox 1216 3751 1285 3812; x_wconf 82' lang='lat' dir='ltr'><strong>suut</strong></span> 
     </span>
    </p>
   </div>
   <div class='ocr_carea' id='block_1_6' title="bbox 122 3974 1285 4386">
    <p class='ocr_par' dir='ltr' id='par_1_7' title="bbox 124 3974 1284 4220">
     <span class='ocr_line' id='line_1_33' title="bbox 200 3974 1284 4046; baseline -0.001 -13"><span class='ocrx_word' id='word_1_330' title='bbox 200 3980 226 4046; x_wconf 89' lang='grc'><strong>1)</strong></span> <span class='ocrx_word' id='word_1_331' title='bbox 243 3977 370 4036; x_wconf 74' lang='lat' dir='ltr'><strong>Eiusdem</strong></span> <span class='ocrx_word' id='word_1_332' title='bbox 386 3979 501 4034; x_wconf 85' lang='lat' dir='ltr'><strong>auetor&#39;m</strong></span> <span class='ocrx_word' id='word_1_333' title='bbox 519 3981 561 4034; x_wconf 79' lang='lat' dir='ltr'><strong>eet</strong></span> <span class='ocrx_word' id='word_1_334' title='bbox 578 3977 647 4034; x_wconf 87' lang='lat' dir='ltr'><strong>liber</strong></span> <span class='ocrx_word' id='word_1_335' title='bbox 673 3997 698 4034; x_wconf 80' lang='grc' dir='ltr'><strong>α.</strong></span> <span class='ocrx_word' id='word_1_336' title='bbox 724 3979 822 4041; x_wconf 59' lang='grc' dir='ltr'><strong><em>πατῶν,</em></strong></span> <span class='ocrx_word' id='word_1_337' title='bbox 847 3977 965 4034; x_wconf 85' lang='lat' dir='ltr'><strong>eiuodem</strong></span> <span class='ocrx_word' id='word_1_338' title='bbox 982 3976 1090 4034; x_wconf 82' lang='lat' dir='ltr'><strong>eoholae</strong></span> <span class='ocrx_word' id='word_1_339' title='bbox 1114 3995 1138 4030; x_wconf 80' lang='grc' dir='ltr'><strong>τι.</strong></span> <span class='ocrx_word' id='word_1_340' title='bbox 1157 3974 1238 4030; x_wconf 72' lang='grc' dir='ltr'><strong><em>τόσων</em></strong></span> <span class='ocrx_word' id='word_1_341' title='bbox 1255 3976 1284 4032; x_wconf 89' lang='lat'><strong>11</strong></span> 
     </span>
     <span class='ocr_line' id='line_1_34' title="bbox 137 4061 1283 4136; baseline -0.001 -17"><span class='ocrx_word' id='word_1_342' title='bbox 137 4065 152 4119; x_wconf 92' lang='lat'>1</span> <span class='ocrx_word' id='word_1_343' title='bbox 175 4067 203 4118; x_wconf 88' lang='lat' dir='ltr'><strong>et</strong></span> <span class='ocrx_word' id='word_1_344' title='bbox 216 4063 243 4132; x_wconf 83' lang='lat'><strong>2)</strong></span> <span class='ocrx_word' id='word_1_345' title='bbox 263 4083 288 4117; x_wconf 84' lang='grc' dir='ltr'><strong><em>τ.</em></strong></span> <span class='ocrx_word' id='word_1_346' title='bbox 307 4063 390 4119; x_wconf 80' lang='grc' dir='ltr'><strong>νόσων</strong></span> <span class='ocrx_word' id='word_1_347' title='bbox 408 4063 466 4130; x_wconf 85' lang='grc' dir='ltr'><strong>ΙΠ;</strong></span> <span class='ocrx_word' id='word_1_348' title='bbox 485 4063 581 4133; x_wconf 79' lang='lat' dir='ltr'><strong>quibua</strong></span> <span class='ocrx_word' id='word_1_349' title='bbox 598 4079 651 4118; x_wconf 90' lang='lat' dir='ltr'><strong>nou</strong></span> <span class='ocrx_word' id='word_1_350' title='bbox 667 4079 753 4136; x_wconf 80' lang='lat' dir='ltr'><strong>panea</strong></span> <span class='ocrx_word' id='word_1_351' title='bbox 771 4064 920 4119; x_wconf 86' lang='lat' dir='ltr'><strong>eommunia</strong></span> <span class='ocrx_word' id='word_1_352' title='bbox 938 4067 1001 4119; x_wconf 80' lang='lat' dir='ltr'><strong>sunt</strong></span> <span class='ocrx_word' id='word_1_353' title='bbox 1018 4079 1077 4118; x_wconf 87' lang='lat' dir='ltr'><strong>oum</strong></span> <span class='ocrx_word' id='word_1_354' title='bbox 1089 4063 1208 4134; x_wconf 83' lang='lat' dir='ltr'><strong>Dexippo</strong></span> <span class='ocrx_word' id='word_1_355' title='bbox 1228 4061 1283 4120; x_wconf 85' lang='lat' dir='ltr'><strong>Coo</strong></span> 
     </span>
     <span class='ocr_line' id='line_1_35' title="bbox 124 4147 1001 4220; baseline 0 -16"><span class='ocrx_word' id='word_1_356' title='bbox 124 4149 203 4219; x_wconf 75' lang='lat' dir='ltr'>(XII,</span> <span class='ocrx_word' id='word_1_357' title='bbox 220 4150 247 4219; x_wconf 89' lang='grc'><strong>9)</strong></span> <span class='ocrx_word' id='word_1_358' title='bbox 266 4152 295 4205; x_wconf 87' lang='lat' dir='ltr'><strong>ot</strong></span> <span class='ocrx_word' id='word_1_359' title='bbox 311 4148 507 4220; x_wconf 78' lang='lat' dir='ltr'><strong>Thrasymacho</strong></span> <span class='ocrx_word' id='word_1_360' title='bbox 526 4149 582 4220; x_wconf 76' lang='lat' dir='ltr'>(XI,</span> <span class='ocrx_word' id='word_1_361' title='bbox 599 4147 651 4218; x_wconf 74' lang='lat'><strong>42).</strong></span> <span class='ocrx_word' id='word_1_362' title='bbox 685 4147 739 4204; x_wconf 80' lang='lat' dir='ltr'><strong>Sed</strong></span> <span class='ocrx_word' id='word_1_363' title='bbox 757 4147 790 4203; x_wconf 92' lang='lat' dir='ltr'><strong>de</strong></span> <span class='ocrx_word' id='word_1_364' title='bbox 807 4149 881 4204; x_wconf 70' lang='lat' dir='ltr'><strong>hisee</strong></span> <span class='ocrx_word' id='word_1_365' title='bbox 897 4152 1001 4218; x_wconf 74' lang='lat' dir='ltr'><strong>pontea.</strong></span> 
     </span>
    </p>

    <p class='ocr_par' dir='ltr' id='par_1_8' title="bbox 122 4232 1285 4386">
     <span class='ocr_line' id='line_1_36' title="bbox 196 4232 1285 4306; baseline -0.001 -17"><span class='ocrx_word' id='word_1_366' title='bbox 196 4233 223 4304; x_wconf 77' lang='grc'><strong>2)</strong></span> <span class='ocrx_word' id='word_1_367' title='bbox 240 4234 316 4290; x_wconf 84' lang='grc' dir='ltr'><strong><em>Ητττ</em></strong></span> <span class='ocrx_word' id='word_1_368' title='bbox 333 4238 396 4288; x_wconf 82' lang='lat' dir='ltr'><strong>eunt</strong></span> <span class='ocrx_word' id='word_1_369' title='bbox 412 4233 604 4300; x_wconf 79' lang='lat' dir='ltr'><strong>Wilamouitui.</strong></span> <span class='ocrx_word' id='word_1_370' title='bbox 630 4233 675 4304; x_wconf 86' lang='lat' dir='ltr'><strong>qui</strong></span> <span class='ocrx_word' id='word_1_371' title='bbox 698 4236 779 4290; x_wconf 84' lang='lat' dir='ltr'><strong>autea</strong></span> <span class='ocrx_word' id='word_1_372' title='bbox 801 4249 850 4306; x_wconf 92' lang='lat' dir='ltr'><strong>pro</strong></span> <span class='ocrx_word' id='word_1_373' title='bbox 875 4233 918 4288; x_wconf 79' lang='lat' dir='ltr'><strong>tut</strong></span> <span class='ocrx_word' id='word_1_374' title='bbox 943 4233 978 4302; x_wconf 77' lang='lat' dir='ltr'><strong>ort</strong></span> <span class='ocrx_word' id='word_1_375' title='bbox 1004 4234 1073 4302; x_wconf 78' lang='lat' dir='ltr'><strong>(vil,</strong></span> <span class='ocrx_word' id='word_1_376' title='bbox 1102 4233 1129 4302; x_wconf 80' lang='lat'><strong>5)</strong></span> <span class='ocrx_word' id='word_1_377' title='bbox 1147 4232 1285 4302; x_wconf 81' lang='lat' dir='ltr'><strong>intelligat</strong></span> 
     </span>
     <span class='ocr_line' id='line_1_37' title="bbox 122 4314 317 4386; baseline 0.01 -12"><span class='ocrx_word' id='word_1_378' title='bbox 122 4314 228 4386; x_wconf 64' lang='grc' dir='ltr'><strong>ἐπειδή·</strong></span> <span class='ocrx_word' id='word_1_379' title='bbox 314 4327 317 4333; x_wconf 92' lang='grc'><strong><em>’</em></strong></span> 
     </span>
    </p>
   </div>
   <div class='ocr_carea' id='block_1_7' title="bbox 0 0 1556 5018">
    <p class='ocr_par' dir='ltr' id='par_1_9' title="bbox 0 0 1556 5018">
     <span class='ocr_line' id='line_1_38' title="bbox 0 0 1556 5018; baseline 0 1"><span class='ocrx_word' id='word_1_380' title='bbox 0 0 1556 5018; x_wconf 95' lang='lat' dir='ltr'><strong> </strong></span> 
     </span>
    </p>
   </div>
  </div>
 </body>
</html>
