3104 5018
601 245 814 312 -23..

122 415 180 476 καὶ
200 409 234 477 τό
257 417 319 476 πᾶν
341 417 380 494 (ιι.
398 417 423 480 1.
439 415 493 497 irg.
512 417 564 496 11)
588 419 617 480 ei
639 463 763 480 .....
787 415 867 493 simp
890 410 975 476 ἐόντα
997 410 1134 496 γινώσκει
1156 417 1223 497 (frg.
1241 417 1280 480 17

126 521 203 586 ὥστε
225 503 379 604 cappatus
401 521 473 603 μήτε
495 519 570 604 ὁρῆν
592 520 665 604 μήτε
688 519 723 586 td
746 521 832 587 ἒόνια
854 521 1029 607 γινώσκειν),
1067 531 1144 608 quod
1166 528 1281 592 Melissi

125 657 234 702 nomen
255 641 452 719 subsequitur.

214 751 363 814 Hactenus
399 751 490 824 hee03
526 752 642 814 transeo
679 752 717 812 ad
752 769 846 829 genus
882 751 1004 816 dicendi.
1061 750 1165 832 Neque
1202 753 1280 814 enim

124 861 341 940 iatrosephista,
365 867 399 930 ut
420 862 506 924 hemo
528 879 596 924 rere
618 863 757 936 medians,
779 880 854 941 quae
876 861 1034 941 diligenter
1053 863 1188 942 repperit,
1210 864 1279 924 sim-

127 973 245 1052 plieiter
266 973 384 1036 disserit
406 976 434 1035 et
454 973 562 1035 litteris
584 974 711 1050 mandat,
741 973 794 1034 red
815 974 847 1034 in
867 971 1018 1052 publiaum
1039 975 1134 1052 prodit
1156 976 1280 1054 atquae

123 1083 292 1164 explorasse
314 1095 379 1146 sese
401 1085 550 1165 gloriatur,
571 1085 635 1163 ipse
657 1081 863 1144 ἐπιδείκνυται.
907 1083 946 1146 Et
968 1085 1056 1148 uerba
1076 1083 1172 1147 faeere
1193 1102 1279 1164 posse

124 1213 197 1257 enm
227 1196 442 1258 eoncedendum
473 1197 523 1256 est
567 1195 654 1258 Initio
683 1195 746 1274 ipro
775 1195 896 1273 praebet
923 1213 956 1256 se
986 1197 1089 1269 virum,
1119 1197 1178 1274 qui,
1209 1197 1280 1275 quid

124 1305 206 1380 velit,
229 1307 303 1368 seiat
324 1307 507 1386 breviterque
527 1307 688 1385 praedieet3
719 1324 760 1380 ιο,
790 1307 867 1386 quod
897 1323 1006 1381 omnes,
1039 1308 1089 1386 qui
1111 1306 1211 1369 solitas
1232 1325 1279 1369 res

125 1420 310 1496 exspectant,
332 1417 446 1491 refutat.
476 1419 703 1497 exportationem
725 1416 812 1497 plane
834 1434 925 1480 nouae
946 1419 1106 1497 sapientiae
1135 1419 1166 1479 in
1196 1419 1279 1479 audi·

123 1529 243 1590 entibus
261 1530 379 1602 exeitat;
402 1546 541 1607 superare
561 1531 658 1607 ipsum
681 1528 827 1608 eliquanto
842 1528 971 1608 reliquos
985 1547 1086 1592 ornnes
1100 1531 1133 1591 nt
1147 1529 1279 1592 homines

122 1642 237 1718 putent,
261 1639 355 1714 eideit,
378 1642 433 1702 etsi
453 1657 554 1702 revera
575 1658 593 1702 a
615 1641 718 1702 esteris
739 1640 820 1702 haud
840 1641 881 1702 ita
903 1640 1027 1702 multum
1049 1641 1145 1704 distet.
1186 1640 1279 1716 Quam

125 1769 195 1812 vero
218 1753 371 1813 eeneitavit
401 1753 643 1831 exspeetationem
673 1718 731 1812 ιιιιί
761 1753 876 1830 ignorat
904 1769 1029 1814 servare.
1072 1751 1168 1814 Vertit
1187 1769 1221 1813 se
1241 1753 1279 1814 ad

124 1879 179 1924 ιιι
200 1864 288 1942 ipsos,
310 1865 362 1941 qui
383 1863 506 1926 audiunt
528 1863 642 1942 (γνοίης
663 1854 703 1922 ἄν
725 1861 822 1920 τοῖσδε
843 1882 872 1941 p.
888 1861 938 1935 32,
955 1862 1011 1935 14;
1034 1862 1084 1934 42,
1100 1863 1134 1954 6;
1157 1862 1207 1936 46,
1223 1862 1262 1924 13
1270 1883 1277 1938 ;

124 1971 179 2046 48,
201 1971 236 2046 3;
259 1973 309 2048 48,
325 1973 367 2052 9),
388 1973 460 2036 feeit
482 1992 532 2036 eus
553 1975 638 2054 quasi
659 1975 739 2052 ipses
760 1973 939 2052 proferentes
961 1976 1141 2051 argumenta,
1162 1975 1279 2036 institu-

124 2086 210 2146 entes
233 2085 429 2163 experimenta
452 2084 520 2162 (42,
544 2084 577 2158 8;
610 2084 659 2159 42,
683 2085 738 2157 12;
769 2085 818 2158 46,
842 2085 877 2158 9;
910 2085 958 2159 50,
983 2084 1045 2164 10).
1088 2085 1278 2147 Adversarius

121 2197 224 2257 autem
247 2213 303 2274 que
326 2197 426 2274 vigere
448 2196 590 2258 habemus
612 2199 679 2258 ante
701 2195 814 2258 nemost
837 2196 872 2257 In
895 2199 1053 2259 eonvsntus
1075 2213 1174 2258 eorum
1196 2197 1278 2258 duui-

124 2324 207 2380 mur;
230 2309 372 2369 sanantes
393 2308 536 2380 ridemus,
557 2307 643 2370 modo
665 2307 743 2369 hune
758 2308 842 2368 modo
864 2305 950 2368 illum
972 2309 1144 2381 dueentem,
1168 2306 1277 2369 elatum

124 2416 262 2480 laudibus
284 2417 416 2497 vulgi1).
460 2417 517 2494 Qui
539 2420 644 2494 dieunt,
675 2420 819 2492 audimus,
849 2419 920 2498 qnid
942 2419 1076 2492 sentiant,
1097 2420 1277 2497 percipimus

124 2531 163 2606 (u.
189 2529 214 2590 1.
238 2530 312 2600 φασί
334 2549 364 2587 ιε
386 2524 458 2607 γὰρ;
490 2527 564 2608 λέγει
588 2521 614 2588 δ’
644 2523 744 2588 αὐτῶν
774 2521 792 2587 ὅ
821 2525 875 2604 μέν
903 2507 947 2598 ιις
969 2577 975 2590 .
998 2549 1020 2602 .;
1050 2531 1137 2608 (1.2).
1162 2529 1277 2592 'Verba

121 2642 252 2703 uitentur
273 2642 373 2721 quesi;
403 2642 565 2703 sententiae
595 2658 695 2703 eorum
726 2642 868 2720 quemodo
896 2643 981 2702 natue
1010 2641 1076 2714 sint,
1108 2639 1277 2719 explanetur

119 2755 162 2828 (e.
186 2751 203 2813 d
227 2749 259 2810 οἱ
279 2746 310 2810 δὲ
332 2748 464 2830 λέγοντες
487 2742 528 2819 οἷς
549 2749 584 2810 ἓν
616 2748 694 2810 ἔστιν
725 2744 904 2826 ὥνθρωπος,
936 2748 1074 2810 δοκέουσί
1098 2772 1154 2826 ,μοι
1182 2746 1275 2834 ταύτῃ

118 2864 161 2944 τῇ
183 2856 286 2946 γνώμῃ
309 2863 471 2939 κεχρῆσθαι
480 2863 511 2940 ·).
547 2861 651 2942 Neque
673 2881 740 2924 reru
762 2863 820 2924 elia
842 2864 877 2926 de
900 2880 988 2925 eausa
1009 2864 1068 2924 nisi
1088 2865 1121 2924 ut
1142 2863 1276 2926 refutatio

117 2975 327 3053 subsequatur.
370 2976 467 3052 Atque
490 2991 565 3053 quae
586 2973 737 3036 refutatio!
781 2975 961 3052 Argumenta
984 2991 1083 3036 eurum
1105 2973 1187 3036 nulla
1208 2977 1277 3036 sunt

118 3084 161 3162 (o.
187 3084 205 3145 1
227 3080 278 3142 καλ
302 3081 425 3163 ἐπιλέγει
447 3081 569 3153 ἕκαστος
591 3083 633 3165 τῷ
663 3079 778 3143 ἑωυτοῦ
807 3077 884 3166 λόγῳ
914 3079 1061 3161 μαρτύριά
1089 3082 1191 3142 τεκαὶ
1214 3105 1276 3143 τεκ-

122 3189 227 3271 μήρια,
250 3187 270 3252 ἅ
292 3192 369 3254 ἐστιν
392 3190 490 3269 οὐδέν,
513 3213 537 3256 ι.
561 3195 606 3273 6);
627 3213 664 3258 ιιι
687 3196 813 3274 eogitere
834 3196 951 3275 quidem
973 3196 1031 3274 ipsi
1051 3199 1172 3275 pessunt
1193 3197 1230 3274 (ι.
1258 3197 1274 3257 1

118 3303 262 3366 δοκέουσι
285 3303 384 3382 μέντοι
406 3327 455 3382 μοι
485 3299 542 3365 urin
572 3297 675 3384 ὀρθῶς
706 3299 861 3384 γινώσκειν
884 3303 915 3366 οἱ
933 3308 1025 3364 ταῦτα
1047 3303 1194 3386 tipasam
1227 3300 1275 3366 ὅτε

118 3413 155 3476 δὲ
177 3411 281 3500 γνώμῃ
304 3413 379 3500 (μὲν)
403 3413 440 3500 'spi
474 3409 549 3497 αὐτῇ
580 3410 689 3486 πάντες
718 3412 862 3494 χρέονται,
895 3413 1011 3495 λέγουσι
1041 3412 1073 3476 δὲ
1104 3411 1141 3476 οὐ
1172 3409 1274 3489 resisti,

123 3527 215 3603 δῆλον
237 3521 282 3586 du
305 3521 393 3586 οὐδὲν
416 3521 496 3605 [οὐδὲ
517 3527 580 3592 ΑΒ
601 3546 672 3590 eurr.
689 3527 766 3606 wid]
790 3522 1017 3608 γινώσκουσιν).
1063 3529 1157 3604 Quare
1178 3531 1275 3604 verba,

118 3641 231 3720 quibus
253 3639 326 3700 ratio
349 3640 438 3714 deest
468 3640 579 3702 iaeiunt
601 3643 629 3702 et
649 3641 749 3713 vineit,
779 3640 862 3702 euius
890 3638 1077 3702 habilissima
1099 3643 1144 3702 est
1164 3640 1274 3720 lingue.

120 3751 200 3813 Istus
221 3751 312 3830 igitur
333 3752 456 3830 aggredi
478 3768 726 3830 supervacaneum
740 3752 881 3824 rideatur,
904 3768 972 3812 nem
990 3752 1048 3830 ipsi
1063 3749 1136 3814 alter
1151 3751 1275 3814 alterum

119 3862 263 3942 imnguni
285 3856 489 3940 (καταβάλλειν
512 3863 547 3925 ef.
568 3863 744 3942 Protagorae
765 3847 1017 3938 κακαβνὶλλιινιις).

209 3972 269 4036 Sed
291 3977 324 4036 ut
344 3974 409 4036 fleri
431 3972 512 4048 solet,
535 3991 591 4053 quo
606 3975 701 4052 magis
722 3975 904 4036 adversaries
927 3974 1057 4053 despieit,
1081 3991 1113 4034 ιι
1136 3973 1275 4035 ιιιιίιιιιιι

117 4085 180 4148 sibi
210 4086 274 4165 ipse
304 4086 436 4148 attribuit
466 4087 676 4148 auctoritatem.
730 4085 775 4148 De
808 4103 839 4147 ee
871 4085 934 4163 ipse
966 4085 1111 4164 imprimis
1144 4082 1277 4164 loquitur

192 4312 218 4376 1)
236 4311 267 4368 et
286 4310 399 4382 Gorgias
417 4311 476 4368 Hei
494 4317 508 4378 5
529 4312 573 4379 13;
590 4313 659 4369 Plat
675 4312 787 4368 Phaedr.
805 4311 855 4368 260
872 4312 904 4368 4
