<?xml version="1.0" encoding="UTF-8"?>
<!DOCTYPE html PUBLIC "-//W3C//DTD XHTML 1.0 Transitional//EN"
    "http://www.w3.org/TR/xhtml1/DTD/xhtml1-transitional.dtd">
<html xmlns="http://www.w3.org/1999/xhtml" xml:lang="en" lang="en">
 <head>
  <title>
</title>
<meta http-equiv="Content-Type" content="text/html;charset=utf-8" />
  <meta name='ocr-system' content='tesseract 3.04.00' />
  <meta name='ocr-capabilities' content='ocr_page ocr_carea ocr_par ocr_line ocrx_word'/>
</head>
<body>
  <div class='ocr_page' id='page_1' title='image "./delibroperiphys01fredgoog_0025.png"; bbox 0 0 3104 5018; ppageno 0'>
   <div class='ocr_carea' id='block_1_1' title="bbox 748 247 962 314">
    <p class='ocr_par' dir='ltr' id='par_1_1' title="bbox 748 247 962 314">
     <span class='ocr_line' id='line_1_1' title="bbox 748 247 962 314; baseline 0 -16"><span class='ocrx_word' id='word_1_1' title='bbox 748 247 962 314; x_wconf 73' lang='lat'>..20-</span> 
     </span>
    </p>
   </div>
   <div class='ocr_carea' id='block_1_2' title="bbox 269 421 1435 1723">
    <p class='ocr_par' dir='ltr' id='par_1_2' title="bbox 269 421 1435 1280">
     <span class='ocr_line' id='line_1_2' title="bbox 274 421 1434 501; baseline 0 -17"><span class='ocrx_word' id='word_1_2' title='bbox 274 424 350 485; x_wconf 88' lang='lat' dir='ltr'>sime</span> <span class='ocrx_word' id='word_1_3' title='bbox 379 421 535 495; x_wconf 80' lang='lat' dir='ltr'>inuehitur,</span> <span class='ocrx_word' id='word_1_4' title='bbox 564 423 686 484; x_wconf 42' lang='lat' dir='ltr'>*stadem</span> <span class='ocrx_word' id='word_1_5' title='bbox 713 422 911 496; x_wconf 79' lang='lat' dir='ltr'>Anaximenis,</span> <span class='ocrx_word' id='word_1_6' title='bbox 945 439 1033 501; x_wconf 86' lang='lat' dir='ltr'>quom</span> <span class='ocrx_word' id='word_1_7' title='bbox 1063 423 1182 484; x_wconf 83' lang='lat' dir='ltr'>eooutus</span> <span class='ocrx_word' id='word_1_8' title='bbox 1212 426 1257 484; x_wconf 86' lang='lat' dir='ltr'>est</span> <span class='ocrx_word' id='word_1_9' title='bbox 1283 422 1434 501; x_wconf 74' lang='lat' dir='ltr'>Diogenes</span> 
     </span>
     <span class='ocr_line' id='line_1_3' title="bbox 274 531 1435 613; baseline -0.002 -17"><span class='ocrx_word' id='word_1_10' title='bbox 274 533 484 613; x_wconf 78' lang='lat' dir='ltr'>Apolloniates,</span> <span class='ocrx_word' id='word_1_11' title='bbox 507 533 659 605; x_wconf 75' lang='lat' dir='ltr'>Heracliti,</span> <span class='ocrx_word' id='word_1_12' title='bbox 689 534 773 594; x_wconf 78' lang='lat' dir='ltr'>onius</span> <span class='ocrx_word' id='word_1_13' title='bbox 795 531 895 594; x_wconf 90' lang='lat' dir='ltr'>sohola</span> <span class='ocrx_word' id='word_1_14' title='bbox 916 531 1029 594; x_wconf 88' lang='lat' dir='ltr'>saeouli</span> <span class='ocrx_word' id='word_1_15' title='bbox 1050 531 1094 594; x_wconf 87' lang='lat' dir='ltr'>IV</span> <span class='ocrx_word' id='word_1_16' title='bbox 1115 533 1199 594; x_wconf 89' lang='lat' dir='ltr'>initio</span> <span class='ocrx_word' id='word_1_17' title='bbox 1222 534 1253 594; x_wconf 93' lang='lat' dir='ltr'>in</span> <span class='ocrx_word' id='word_1_18' title='bbox 1275 534 1358 595; x_wconf 88' lang='lat' dir='ltr'>Ionia</span> <span class='ocrx_word' id='word_1_19' title='bbox 1379 534 1435 594; x_wconf 88' lang='lat' dir='ltr'>llo-</span> 
     </span>
     <span class='ocr_line' id='line_1_4' title="bbox 269 643 1433 723; baseline -0.001 -16"><span class='ocrx_word' id='word_1_20' title='bbox 269 646 359 708; x_wconf 77' lang='lat' dir='ltr'>:robor</span> <span class='ocrx_word' id='word_1_21' title='bbox 375 644 423 723; x_wconf 90' lang='lat' dir='ltr'>(oi.</span> <span class='ocrx_word' id='word_1_22' title='bbox 438 643 513 706; x_wconf 86' lang='lat' dir='ltr'>Plat</span> <span class='ocrx_word' id='word_1_23' title='bbox 527 643 643 706; x_wconf 69' lang='lat' dir='ltr'>hheaot</span> <span class='ocrx_word' id='word_1_24' title='bbox 658 662 686 723; x_wconf 88' lang='lat' dir='ltr'>p.</span> <span class='ocrx_word' id='word_1_25' title='bbox 704 643 822 721; x_wconf 74' lang='grc'>1791)),</span> <span class='ocrx_word' id='word_1_26' title='bbox 843 643 984 718; x_wconf 73' lang='lat' dir='ltr'><strong>Thaletis,</strong></span> <span class='ocrx_word' id='word_1_27' title='bbox 1006 645 1092 706; x_wconf 86' lang='lat' dir='ltr'>ouius</span> <span class='ocrx_word' id='word_1_28' title='bbox 1106 643 1268 706; x_wconf 71' lang='lat' dir='ltr'><strong>aemulator</strong></span> <span class='ocrx_word' id='word_1_29' title='bbox 1282 645 1379 723; x_wconf 84' lang='lat' dir='ltr'>Hippo</span> <span class='ocrx_word' id='word_1_30' title='bbox 1392 647 1433 719; x_wconf 86' lang='lat'>¹);</span> 
     </span>
     <span class='ocr_line' id='line_1_5' title="bbox 275 754 1434 834; baseline 0 -16"><span class='ocrx_word' id='word_1_31' title='bbox 275 773 312 818; x_wconf 89' lang='lat' dir='ltr'>ex</span> <span class='ocrx_word' id='word_1_32' title='bbox 333 755 493 818; x_wconf 76' lang='lat' dir='ltr'>solatoria</span> <span class='ocrx_word' id='word_1_33' title='bbox 514 757 612 817; x_wconf 87' lang='lat' dir='ltr'>antem</span> <span class='ocrx_word' id='word_1_34' title='bbox 639 758 771 817; x_wconf 74' lang='lat' dir='ltr'>constare</span> <span class='ocrx_word' id='word_1_35' title='bbox 791 754 940 817; x_wconf 89' lang='lat' dir='ltr'>hominem</span> <span class='ocrx_word' id='word_1_36' title='bbox 970 755 1117 817; x_wconf 88' lang='lat' dir='ltr'>neminem</span> <span class='ocrx_word' id='word_1_37' title='bbox 1146 773 1276 834; x_wconf 88' lang='lat' dir='ltr'>unquam</span> <span class='ocrx_word' id='word_1_38' title='bbox 1300 757 1434 818; x_wconf 83' lang='lat' dir='ltr'>doonirse</span> 
     </span>
     <span class='ocr_line' id='line_1_6' title="bbox 269 865 1433 946; baseline -0.003 -17"><span class='ocrx_word' id='word_1_39' title='bbox 269 866 406 929; x_wconf 40' lang='lat' dir='ltr'>*Galenus</span> <span class='ocrx_word' id='word_1_40' title='bbox 427 870 507 929; x_wconf 89' lang='lat' dir='ltr'>rsots</span> <span class='ocrx_word' id='word_1_41' title='bbox 528 867 732 928; x_wconf 80' lang='lat' dir='ltr'>animaduertit</span> <span class='ocrx_word' id='word_1_42' title='bbox 754 865 787 944; x_wconf 93' lang='lat' dir='ltr'>(l.</span> <span class='ocrx_word' id='word_1_43' title='bbox 810 884 834 928; x_wconf 91' lang='lat' dir='ltr'>o.</span> <span class='ocrx_word' id='word_1_44' title='bbox 856 884 883 946; x_wconf 91' lang='lat' dir='ltr'>p.</span> <span class='ocrx_word' id='word_1_45' title='bbox 900 866 956 938; x_wconf 80' lang='grc' dir='ltr'>25ς</span> <span class='ocrx_word' id='word_1_46' title='bbox 979 866 1015 928; x_wconf 90' lang='lat' dir='ltr'>oi.</span> <span class='ocrx_word' id='word_1_47' title='bbox 1037 865 1139 944; x_wconf 82' lang='lat' dir='ltr'>ilherg</span> <span class='ocrx_word' id='word_1_48' title='bbox 1160 866 1180 927; x_wconf 91' lang='lat'>1.</span> <span class='ocrx_word' id='word_1_49' title='bbox 1203 885 1228 928; x_wconf 93' lang='lat' dir='ltr'>o.</span> <span class='ocrx_word' id='word_1_50' title='bbox 1249 885 1278 945; x_wconf 89' lang='lat' dir='ltr'>p.</span> <span class='ocrx_word' id='word_1_51' title='bbox 1303 866 1341 928; x_wconf 87' lang='lat'>16</span> <span class='ocrx_word' id='word_1_52' title='bbox 1365 868 1433 946; x_wconf 87' lang='lat' dir='ltr'>sq.).</span> 
     </span>
     <span class='ocr_line' id='line_1_7' title="bbox 275 977 1435 1058; baseline -0.002 -18"><span class='ocrx_word' id='word_1_53' title='bbox 275 977 333 1040; x_wconf 85' lang='lat' dir='ltr'>Sed</span> <span class='ocrx_word' id='word_1_54' title='bbox 354 995 428 1058; x_wconf 87' lang='lat' dir='ltr'>quae</span> <span class='ocrx_word' id='word_1_55' title='bbox 450 980 583 1052; x_wconf 86' lang='lat' dir='ltr'>sentiant,</span> <span class='ocrx_word' id='word_1_56' title='bbox 605 979 765 1040; x_wconf 85' lang='lat' dir='ltr'>adversarii</span> <span class='ocrx_word' id='word_1_57' title='bbox 779 980 864 1040; x_wconf 93' lang='lat' dir='ltr'>modo</span> <span class='ocrx_word' id='word_1_58' title='bbox 886 977 1070 1057; x_wconf 91' lang='lat' dir='ltr'>philosophis</span> <span class='ocrx_word' id='word_1_59' title='bbox 1092 977 1155 1038; x_wconf 88' lang='lat' dir='ltr'>illis</span> <span class='ocrx_word' id='word_1_60' title='bbox 1176 977 1264 1056; x_wconf 84' lang='lat' dir='ltr'>digno</span> <span class='ocrx_word' id='word_1_61' title='bbox 1287 995 1346 1038; x_wconf 89' lang='lat' dir='ltr'>non</span> <span class='ocrx_word' id='word_1_62' title='bbox 1367 995 1435 1056; x_wconf 89' lang='lat' dir='ltr'>pro·</span> 
     </span>
     <span class='ocr_line' id='line_1_8' title="bbox 275 1081 1434 1167; baseline 0 -17"><span class='ocrx_word' id='word_1_63' title='bbox 275 1089 379 1159; x_wconf 82' lang='lat' dir='ltr'>ierunt,</span> <span class='ocrx_word' id='word_1_64' title='bbox 401 1090 454 1151; x_wconf 89' lang='lat' dir='ltr'>sed</span> <span class='ocrx_word' id='word_1_65' title='bbox 478 1087 611 1149; x_wconf 77' lang='grc' dir='ltr'>ἐναντίον</span> <span class='ocrx_word' id='word_1_66' title='bbox 632 1081 789 1166; x_wconf 74' lang='grc' dir='ltr'>ἀκροατῶν</span> <span class='ocrx_word' id='word_1_67' title='bbox 812 1089 971 1151; x_wconf 82' lang='lat' dir='ltr'>defendunt</span> <span class='ocrx_word' id='word_1_68' title='bbox 992 1090 1041 1162; x_wconf 92' lang='lat' dir='ltr'>ita,</span> <span class='ocrx_word' id='word_1_69' title='bbox 1068 1091 1102 1150; x_wconf 88' lang='lat' dir='ltr'>nt</span> <span class='ocrx_word' id='word_1_70' title='bbox 1122 1089 1228 1162; x_wconf 82' lang='lat' dir='ltr'>vindat,</span> <span class='ocrx_word' id='word_1_71' title='bbox 1251 1091 1302 1167; x_wconf 90' lang='lat' dir='ltr'>qui</span> <span class='ocrx_word' id='word_1_72' title='bbox 1324 1089 1434 1167; x_wconf 88' lang='lat' dir='ltr'>optime</span> 
     </span>
     <span class='ocr_line' id='line_1_9' title="bbox 277 1199 1319 1280; baseline -0.004 -18"><span class='ocrx_word' id='word_1_73' title='bbox 277 1202 365 1262; x_wconf 88' lang='lat' dir='ltr'>verba</span> <span class='ocrx_word' id='word_1_74' title='bbox 386 1200 475 1262; x_wconf 86' lang='lat' dir='ltr'>laoiat</span> <span class='ocrx_word' id='word_1_75' title='bbox 496 1219 590 1280; x_wconf 88' lang='lat' dir='ltr'>neque</span> <span class='ocrx_word' id='word_1_76' title='bbox 613 1202 663 1280; x_wconf 87' lang='lat' dir='ltr'>qui</span> <span class='ocrx_word' id='word_1_77' title='bbox 686 1202 794 1279; x_wconf 88' lang='lat' dir='ltr'>optimo</span> <span class='ocrx_word' id='word_1_78' title='bbox 816 1202 930 1262; x_wconf 87' lang='lat' dir='ltr'>sentiat.</span> <span class='ocrx_word' id='word_1_79' title='bbox 974 1199 1049 1263; x_wconf 83' lang='lat' dir='ltr'>Sunt</span> <span class='ocrx_word' id='word_1_80' title='bbox 1072 1217 1141 1279; x_wconf 80' lang='lat' dir='ltr'>orgo</span> <span class='ocrx_word' id='word_1_81' title='bbox 1163 1199 1319 1278; x_wconf 71' lang='lat' dir='ltr'>sophistae.</span> 
     </span>
    </p>

    <p class='ocr_par' dir='ltr' id='par_1_3' title="bbox 269 1310 1435 1723">
     <span class='ocr_line' id='line_1_10' title="bbox 361 1310 1434 1390; baseline -0.002 -16"><span class='ocrx_word' id='word_1_82' title='bbox 361 1313 398 1374; x_wconf 89' lang='lat' dir='ltr'>In</span> <span class='ocrx_word' id='word_1_83' title='bbox 418 1312 609 1390; x_wconf 81' lang='lat' dir='ltr'>profligandis</span> <span class='ocrx_word' id='word_1_84' title='bbox 631 1329 699 1374; x_wconf 89' lang='lat' dir='ltr'>vero</span> <span class='ocrx_word' id='word_1_85' title='bbox 720 1312 850 1374; x_wconf 87' lang='lat' dir='ltr'>inimiois</span> <span class='ocrx_word' id='word_1_86' title='bbox 872 1314 973 1372; x_wconf 85' lang='lat' dir='ltr'>auotor</span> <span class='ocrx_word' id='word_1_87' title='bbox 992 1313 1064 1389; x_wconf 88' lang='lat' dir='ltr'>ipse,</span> <span class='ocrx_word' id='word_1_88' title='bbox 1087 1311 1152 1390; x_wconf 85' lang='lat' dir='ltr'>quis</span> <span class='ocrx_word' id='word_1_89' title='bbox 1175 1311 1222 1383; x_wconf 87' lang='lat' dir='ltr'>eit,</span> <span class='ocrx_word' id='word_1_90' title='bbox 1253 1311 1323 1389; x_wconf 92' lang='lat' dir='ltr'>qnid</span> <span class='ocrx_word' id='word_1_91' title='bbox 1354 1310 1434 1386; x_wconf 83' lang='lat' dir='ltr'>volit,</span> 
     </span>
     <span class='ocr_line' id='line_1_11' title="bbox 269 1421 1435 1501; baseline 0.001 -18"><span class='ocrx_word' id='word_1_92' title='bbox 269 1423 433 1501; x_wconf 87' lang='lat' dir='ltr'>profitetur.</span> <span class='ocrx_word' id='word_1_93' title='bbox 476 1421 553 1484; x_wconf 85' lang='lat' dir='ltr'>Nam</span> <span class='ocrx_word' id='word_1_94' title='bbox 574 1425 601 1484; x_wconf 86' lang='lat' dir='ltr'>si</span> <span class='ocrx_word' id='word_1_95' title='bbox 623 1424 659 1484; x_wconf 93' lang='lat' dir='ltr'>de</span> <span class='ocrx_word' id='word_1_96' title='bbox 681 1423 809 1484; x_wconf 88' lang='lat' dir='ltr'>hominis</span> <span class='ocrx_word' id='word_1_97' title='bbox 830 1425 934 1484; x_wconf 87' lang='lat' dir='ltr'>natura</span> <span class='ocrx_word' id='word_1_98' title='bbox 955 1422 1040 1500; x_wconf 85' lang='lat' dir='ltr'>plura</span> <span class='ocrx_word' id='word_1_99' title='bbox 1063 1423 1159 1483; x_wconf 87' lang='lat' dir='ltr'>dioere</span> <span class='ocrx_word' id='word_1_100' title='bbox 1179 1438 1268 1500; x_wconf 85' lang='lat' dir='ltr'>quam</span> <span class='ocrx_word' id='word_1_101' title='bbox 1289 1424 1435 1500; x_wconf 86' lang='lat' dir='ltr'>pertineat</span> 
     </span>
     <span class='ocr_line' id='line_1_12' title="bbox 275 1533 1434 1613; baseline -0.001 -18"><span class='ocrx_word' id='word_1_102' title='bbox 275 1535 314 1595; x_wconf 84' lang='lat' dir='ltr'>ad</span> <span class='ocrx_word' id='word_1_103' title='bbox 335 1533 510 1596; x_wconf 88' lang='lat' dir='ltr'>medioinam</span> <span class='ocrx_word' id='word_1_104' title='bbox 532 1533 655 1596; x_wconf 88' lang='lat' dir='ltr'>stultum</span> <span class='ocrx_word' id='word_1_105' title='bbox 686 1551 753 1595; x_wconf 88' lang='lat' dir='ltr'>esse</span> <span class='ocrx_word' id='word_1_106' title='bbox 783 1536 892 1607; x_wconf 86' lang='lat' dir='ltr'>oonset,</span> <span class='ocrx_word' id='word_1_107' title='bbox 920 1535 947 1594; x_wconf 90' lang='lat' dir='ltr'>si</span> <span class='ocrx_word' id='word_1_108' title='bbox 975 1551 1049 1613; x_wconf 85' lang='lat' dir='ltr'>quae</span> <span class='ocrx_word' id='word_1_109' title='bbox 1081 1533 1226 1595; x_wconf 88' lang='lat' dir='ltr'>elementa</span> <span class='ocrx_word' id='word_1_110' title='bbox 1257 1535 1344 1594; x_wconf 82' lang='lat' dir='ltr'>aeteri</span> <span class='ocrx_word' id='word_1_111' title='bbox 1374 1535 1434 1595; x_wconf 90' lang='lat' dir='ltr'>sihi</span> 
     </span>
     <span class='ocr_line' id='line_1_13' title="bbox 277 1637 1434 1723; baseline -0.004 -19"><span class='ocrx_word' id='word_1_112' title='bbox 277 1643 397 1722; x_wconf 79' lang='lat' dir='ltr'>fingant,</span> <span class='ocrx_word' id='word_1_113' title='bbox 420 1661 453 1706; x_wconf 85' lang='lat' dir='ltr'>aa</span> <span class='ocrx_word' id='word_1_114' title='bbox 474 1647 506 1705; x_wconf 91' lang='lat' dir='ltr'>in</span> <span class='ocrx_word' id='word_1_115' title='bbox 528 1663 644 1723; x_wconf 88' lang='lat' dir='ltr'>oorpore</span> <span class='ocrx_word' id='word_1_116' title='bbox 659 1645 786 1706; x_wconf 91' lang='lat' dir='ltr'>hnmano</span> <span class='ocrx_word' id='word_1_117' title='bbox 801 1647 970 1706; x_wconf 85' lang='lat' dir='ltr'>nominasse</span> <span class='ocrx_word' id='word_1_118' title='bbox 986 1646 1133 1706; x_wconf 77' lang='lat' dir='ltr'>contendit</span> <span class='ocrx_word' id='word_1_119' title='bbox 1155 1639 1186 1721; x_wconf 85' lang='grc' dir='ltr'>(ὅ</span> <span class='ocrx_word' id='word_1_120' title='bbox 1202 1666 1228 1701; x_wconf 77' lang='grc' dir='ltr'>τι</span> <span class='ocrx_word' id='word_1_121' title='bbox 1245 1638 1285 1718; x_wconf 74' lang='grc' dir='ltr'>μή</span> <span class='ocrx_word' id='word_1_122' title='bbox 1300 1637 1434 1715; x_wconf 78' lang='grc' dir='ltr'><strong><em>φανερόν</em></strong></span> 
     </span>
    </p>
   </div>
   <div class='ocr_carea' id='block_1_3' title="bbox 235 1748 1539 2512">
    <p class='ocr_par' dir='ltr' id='par_1_4' title="bbox 235 1748 1539 2512">
     <span class='ocr_line' id='line_1_14' title="bbox 276 1748 1539 1836; baseline 0.007 -23"><span class='ocrx_word' id='word_1_123' title='bbox 276 1751 354 1813; x_wconf 79' lang='lat' dir='ltr'>douo</span> <span class='ocrx_word' id='word_1_124' title='bbox 383 1748 466 1812; x_wconf 77' lang='lat' dir='ltr'>ivadv</span> <span class='ocrx_word' id='word_1_125' title='bbox 497 1752 527 1812; x_wconf 79' lang='grc' dir='ltr'>ἐν</span> <span class='ocrx_word' id='word_1_126' title='bbox 557 1759 596 1833; x_wconf 77' lang='grc' dir='ltr'>τῷ</span> <span class='ocrx_word' id='word_1_127' title='bbox 628 1749 808 1836; x_wconf 67' lang='grc' dir='ltr'>ἀνθρώπῳ),</span> <span class='ocrx_word' id='word_1_128' title='bbox 838 1757 909 1835; x_wconf 89' lang='lat' dir='ltr'>quid</span> <span class='ocrx_word' id='word_1_129' title='bbox 939 1755 1058 1817; x_wconf 82' lang='lat' dir='ltr'>isoilius</span> <span class='ocrx_word' id='word_1_130' title='bbox 1088 1759 1185 1834; x_wconf 87' lang='lat' dir='ltr'>potest</span> <span class='ocrx_word' id='word_1_131' title='bbox 1212 1755 1312 1832; x_wconf 76' lang='lat' dir='ltr'>oolligi</span> <span class='ocrx_word' id='word_1_132' title='bbox 1343 1773 1433 1834; x_wconf 86' lang='lat' dir='ltr'>qnam</span> <span class='ocrx_word' id='word_1_133' title='bbox 1538 1817 1539 1822; x_wconf 73' lang='grc'>,</span> 
     </span>
     <span class='ocr_line' id='line_1_15' title="bbox 275 1867 1432 1946; baseline 0 -20"><span class='ocrx_word' id='word_1_134' title='bbox 275 1869 418 1930; x_wconf 83' lang='lat' dir='ltr'>oratorem</span> <span class='ocrx_word' id='word_1_135' title='bbox 441 1884 505 1928; x_wconf 89' lang='lat' dir='ltr'>esse</span> <span class='ocrx_word' id='word_1_136' title='bbox 527 1868 693 1928; x_wconf 80' lang='lat' dir='ltr'>modinum?</span> <span class='ocrx_word' id='word_1_137' title='bbox 736 1868 832 1946; x_wconf 80' lang='lat' dir='ltr'>Atque</span> <span class='ocrx_word' id='word_1_138' title='bbox 853 1883 955 1929; x_wconf 80' lang='lat' dir='ltr'>revera</span> <span class='ocrx_word' id='word_1_139' title='bbox 976 1885 1051 1946; x_wconf 84' lang='lat' dir='ltr'>quae</span> <span class='ocrx_word' id='word_1_140' title='bbox 1066 1868 1130 1928; x_wconf 90' lang='lat' dir='ltr'>dioo</span> <span class='ocrx_word' id='word_1_141' title='bbox 1153 1867 1252 1928; x_wconf 86' lang='lat' dir='ltr'>stetim</span> <span class='ocrx_word' id='word_1_142' title='bbox 1266 1867 1432 1944; x_wconf 77' lang='lat' dir='ltr'>probantur.</span> 
     </span>
     <span class='ocr_line' id='line_1_16' title="bbox 266 1977 1433 2058; baseline -0.003 -18"><span class='ocrx_word' id='word_1_143' title='bbox 266 1977 399 2042; x_wconf 69' lang='lat' dir='ltr'>,Missum</span> <span class='ocrx_word' id='word_1_144' title='bbox 429 1978 499 2038; x_wconf 84' lang='lat' dir='ltr'>iaoit</span> <span class='ocrx_word' id='word_1_145' title='bbox 529 1979 561 2038; x_wconf 91' lang='lat' dir='ltr'>in</span> <span class='ocrx_word' id='word_1_146' title='bbox 584 1979 687 2057; x_wconf 72' lang='lat' dir='ltr'>sapt</span> <span class='ocrx_word' id='word_1_147' title='bbox 718 1977 871 2057; x_wconf 86' lang='lat' dir='ltr'>sophistas,</span> <span class='ocrx_word' id='word_1_148' title='bbox 904 1979 976 2058; x_wconf 89' lang='lat' dir='ltr'>petit</span> <span class='ocrx_word' id='word_1_149' title='bbox 997 1979 1133 2058; x_wconf 84' lang='lat' dir='ltr'>medioos,</span> <span class='ocrx_word' id='word_1_150' title='bbox 1167 1979 1218 2057; x_wconf 89' lang='lat' dir='ltr'>qui</span> <span class='ocrx_word' id='word_1_151' title='bbox 1241 1979 1342 2040; x_wconf 87' lang='lat' dir='ltr'>eodem</span> <span class='ocrx_word' id='word_1_152' title='bbox 1363 1977 1433 2038; x_wconf 80' lang='lat' dir='ltr'>vitio</span> 
     </span>
     <span class='ocr_line' id='line_1_17' title="bbox 275 2088 1433 2168; baseline -0.002 -18"><span class='ocrx_word' id='word_1_153' title='bbox 275 2089 431 2150; x_wconf 87' lang='lat' dir='ltr'>oommisso</span> <span class='ocrx_word' id='word_1_154' title='bbox 452 2106 509 2149; x_wconf 92' lang='lat' dir='ltr'>uno</span> <span class='ocrx_word' id='word_1_155' title='bbox 536 2107 571 2150; x_wconf 85' lang='lat' dir='ltr'>ex</span> <span class='ocrx_word' id='word_1_156' title='bbox 593 2089 733 2150; x_wconf 85' lang='lat' dir='ltr'>elemento</span> <span class='ocrx_word' id='word_1_157' title='bbox 764 2107 868 2168; x_wconf 84' lang='lat' dir='ltr'>eorpus</span> <span class='ocrx_word' id='word_1_158' title='bbox 890 2107 954 2151; x_wconf 85' lang='lat' dir='ltr'>esse</span> <span class='ocrx_word' id='word_1_159' title='bbox 977 2091 1168 2168; x_wconf 75' lang='lat' dir='ltr'>compositum</span> <span class='ocrx_word' id='word_1_160' title='bbox 1196 2090 1252 2150; x_wconf 84' lang='lat' dir='ltr'>rati</span> <span class='ocrx_word' id='word_1_161' title='bbox 1284 2088 1433 2149; x_wconf 90' lang='lat' dir='ltr'>hominem</span> 
     </span>
     <span class='ocr_line' id='line_1_18' title="bbox 269 2199 1433 2278; baseline -0.003 -16"><span class='ocrx_word' id='word_1_162' title='bbox 269 2203 409 2262; x_wconf 86' lang='lat' dir='ltr'>oonstare</span> <span class='ocrx_word' id='word_1_163' title='bbox 439 2200 557 2260; x_wconf 86' lang='lat' dir='ltr'>oredant</span> <span class='ocrx_word' id='word_1_164' title='bbox 586 2205 636 2262; x_wconf 91' lang='lat' dir='ltr'>aut</span> <span class='ocrx_word' id='word_1_165' title='bbox 668 2219 702 2262; x_wconf 88' lang='lat' dir='ltr'>ex</span> <span class='ocrx_word' id='word_1_166' title='bbox 732 2202 876 2278; x_wconf 78' lang='lat' dir='ltr'>sanguine</span> <span class='ocrx_word' id='word_1_167' title='bbox 890 2201 920 2278; x_wconf 67' lang='grc'>2)</span> <span class='ocrx_word' id='word_1_168' title='bbox 950 2207 1002 2262; x_wconf 90' lang='lat' dir='ltr'>aut</span> <span class='ocrx_word' id='word_1_169' title='bbox 1032 2201 1091 2262; x_wconf 86' lang='lat' dir='ltr'>hilo</span> <span class='ocrx_word' id='word_1_170' title='bbox 1114 2203 1164 2261; x_wconf 89' lang='lat' dir='ltr'>aut</span> <span class='ocrx_word' id='word_1_171' title='bbox 1193 2201 1298 2278; x_wconf 77' lang='lat' dir='ltr'>pituita</span> <span class='ocrx_word' id='word_1_172' title='bbox 1313 2199 1351 2276; x_wconf 71' lang='grc'>8).</span> <span class='ocrx_word' id='word_1_173' title='bbox 1395 2200 1433 2259; x_wconf 81' lang='lat' dir='ltr'>ht</span> 
     </span>
     <span class='ocr_line' id='line_1_19' title="bbox 278 2311 1431 2388; baseline -0.002 -16"><span class='ocrx_word' id='word_1_174' title='bbox 278 2327 379 2382; x_wconf 84' lang='lat' dir='ltr'>omnes</span> <span class='ocrx_word' id='word_1_175' title='bbox 407 2315 519 2383; x_wconf 87' lang='lat' dir='ltr'>orrant;</span> <span class='ocrx_word' id='word_1_176' title='bbox 550 2329 641 2374; x_wconf 89' lang='lat' dir='ltr'>unum</span> <span class='ocrx_word' id='word_1_177' title='bbox 669 2315 783 2374; x_wconf 73' lang='lat' dir='ltr'>hatum</span> <span class='ocrx_word' id='word_1_178' title='bbox 805 2315 838 2374; x_wconf 88' lang='lat' dir='ltr'>ut</span> <span class='ocrx_word' id='word_1_179' title='bbox 858 2313 929 2374; x_wconf 87' lang='lat' dir='ltr'>insit</span> <span class='ocrx_word' id='word_1_180' title='bbox 949 2313 980 2373; x_wconf 92' lang='lat' dir='ltr'>in</span> <span class='ocrx_word' id='word_1_181' title='bbox 1003 2312 1129 2384; x_wconf 90' lang='lat' dir='ltr'>homine,</span> <span class='ocrx_word' id='word_1_182' title='bbox 1159 2311 1223 2372; x_wconf 85' lang='lat' dir='ltr'>fiori</span> <span class='ocrx_word' id='word_1_183' title='bbox 1243 2328 1300 2371; x_wconf 92' lang='lat' dir='ltr'>non</span> <span class='ocrx_word' id='word_1_184' title='bbox 1322 2313 1431 2388; x_wconf 88' lang='lat' dir='ltr'>poteet;</span> 
     </span>
     <span class='ocr_line' id='line_1_20' title="bbox 235 2420 1434 2512; baseline 0 -30"><span class='ocrx_word' id='word_1_185' title='bbox 235 2501 239 2512; x_wconf 26' lang='grc' dir='ltr'>ι</span> <span class='ocrx_word' id='word_1_186' title='bbox 277 2421 428 2498; x_wconf 89' lang='lat' dir='ltr'>oompluro</span> <span class='ocrx_word' id='word_1_187' title='bbox 449 2439 567 2484; x_wconf 84' lang='lat' dir='ltr'>neeesse</span> <span class='ocrx_word' id='word_1_188' title='bbox 590 2425 634 2484; x_wconf 88' lang='lat' dir='ltr'>est</span> <span class='ocrx_word' id='word_1_189' title='bbox 655 2424 733 2484; x_wconf 85' lang='lat' dir='ltr'>doira</span> <span class='ocrx_word' id='word_1_190' title='bbox 748 2422 899 2484; x_wconf 87' lang='lat' dir='ltr'>elementa.</span> <span class='ocrx_word' id='word_1_191' title='bbox 942 2423 988 2484; x_wconf 88' lang='lat' dir='ltr'>lte</span> <span class='ocrx_word' id='word_1_192' title='bbox 1009 2423 1050 2496; x_wconf 71' lang='lat' dir='ltr'>lit</span> <span class='ocrx_word' id='word_1_193' title='bbox 1072 2425 1105 2484; x_wconf 88' lang='lat' dir='ltr'>nt</span> <span class='ocrx_word' id='word_1_194' title='bbox 1121 2424 1185 2500; x_wconf 87' lang='lat' dir='ltr'>ipso</span> <span class='ocrx_word' id='word_1_195' title='bbox 1200 2420 1292 2482; x_wconf 88' lang='lat' dir='ltr'>alium</span> <span class='ocrx_word' id='word_1_196' title='bbox 1307 2424 1434 2482; x_wconf 84' lang='lat' dir='ltr'>seotelur</span> 
     </span>
    </p>
   </div>
   <div class='ocr_carea' id='block_1_4' title="bbox 263 2530 1434 3504">
    <p class='ocr_par' dir='ltr' id='par_1_5' title="bbox 263 2530 1434 3158">
     <span class='ocr_line' id='line_1_21' title="bbox 278 2530 1433 2612; baseline 0 -20"><span class='ocrx_word' id='word_1_197' title='bbox 278 2530 493 2612; x_wconf 89' lang='lat' dir='ltr'>philosophum,</span> <span class='ocrx_word' id='word_1_198' title='bbox 524 2533 740 2612; x_wconf 79' lang='lat' dir='ltr'>Empedoclem.</span> <span class='ocrx_word' id='word_1_199' title='bbox 784 2532 861 2594; x_wconf 83' lang='lat' dir='ltr'>Nam</span> <span class='ocrx_word' id='word_1_200' title='bbox 878 2535 1126 2606; x_wconf 68' lang='lat' dir='ltr'>&#39;auotoremetsi</span> <span class='ocrx_word' id='word_1_201' title='bbox 1148 2548 1356 2610; x_wconf 86' lang='lat' dir='ltr'>nonnunquam</span> <span class='ocrx_word' id='word_1_202' title='bbox 1386 2549 1433 2592; x_wconf 86' lang='lat' dir='ltr'>ex·</span> 
     </span>
     <span class='ocr_line' id='line_1_22' title="bbox 278 2642 1434 2722; baseline 0 -19"><span class='ocrx_word' id='word_1_203' title='bbox 278 2644 419 2722; x_wconf 87' lang='lat' dir='ltr'>parientia</span> <span class='ocrx_word' id='word_1_204' title='bbox 450 2647 478 2705; x_wconf 89' lang='lat' dir='ltr'>et</span> <span class='ocrx_word' id='word_1_205' title='bbox 509 2663 565 2706; x_wconf 88' lang='lat' dir='ltr'>usu</span> <span class='ocrx_word' id='word_1_206' title='bbox 587 2646 641 2706; x_wconf 92' lang='lat' dir='ltr'>niti</span> <span class='ocrx_word' id='word_1_207' title='bbox 669 2645 803 2716; x_wconf 87' lang='lat' dir='ltr'>videtur,</span> <span class='ocrx_word' id='word_1_208' title='bbox 834 2646 981 2706; x_wconf 80' lang='lat' dir='ltr'>medicum</span> <span class='ocrx_word' id='word_1_209' title='bbox 1013 2661 1085 2717; x_wconf 88' lang='lat' dir='ltr'>esso,</span> <span class='ocrx_word' id='word_1_210' title='bbox 1118 2642 1215 2722; x_wconf 91' lang='lat' dir='ltr'>qualis</span> <span class='ocrx_word' id='word_1_211' title='bbox 1243 2643 1434 2722; x_wconf 87' lang='lat' dir='ltr'>Hippooratas</span> 
     </span>
     <span class='ocr_line' id='line_1_23' title="bbox 277 2755 1432 2836; baseline 0 -22"><span class='ocrx_word' id='word_1_212' title='bbox 277 2756 347 2827; x_wconf 87' lang='lat' dir='ltr'>orat,</span> <span class='ocrx_word' id='word_1_213' title='bbox 374 2756 495 2817; x_wconf 88' lang='lat' dir='ltr'>minime</span> <span class='ocrx_word' id='word_1_214' title='bbox 520 2758 628 2818; x_wconf 82' lang='lat' dir='ltr'>eredas.</span> <span class='ocrx_word' id='word_1_215' title='bbox 677 2757 745 2836; x_wconf 92' lang='lat' dir='ltr'>Ipse</span> <span class='ocrx_word' id='word_1_216' title='bbox 771 2773 885 2834; x_wconf 87' lang='lat' dir='ltr'>quoque</span> <span class='ocrx_word' id='word_1_217' title='bbox 907 2755 1104 2833; x_wconf 82' lang='lat' dir='ltr'>sophistarum</span> <span class='ocrx_word' id='word_1_218' title='bbox 1126 2772 1206 2816; x_wconf 91' lang='lat' dir='ltr'>more</span> <span class='ocrx_word' id='word_1_219' title='bbox 1228 2755 1360 2815; x_wconf 84' lang='lat' dir='ltr'>eruditus</span> <span class='ocrx_word' id='word_1_220' title='bbox 1382 2755 1432 2824; x_wconf 88' lang='lat' dir='ltr'>est,</span> 
     </span>
     <span class='ocr_line' id='line_1_24' title="bbox 263 2864 1433 2946; baseline -0.001 -21"><span class='ocrx_word' id='word_1_221' title='bbox 263 2866 311 2925; x_wconf 75' lang='lat' dir='ltr'>&#39;ut</span> <span class='ocrx_word' id='word_1_222' title='bbox 332 2868 431 2926; x_wconf 90' lang='lat' dir='ltr'>auotor</span> <span class='ocrx_word' id='word_1_223' title='bbox 453 2887 483 2924; x_wconf 78' lang='grc' dir='ltr'>π.</span> <span class='ocrx_word' id='word_1_224' title='bbox 505 2865 614 2942; x_wconf 77' lang='grc' dir='ltr'><em>τέχνης,</em></span> <span class='ocrx_word' id='word_1_225' title='bbox 637 2871 682 2928; x_wconf 89' lang='lat' dir='ltr'>est</span> <span class='ocrx_word' id='word_1_226' title='bbox 702 2869 735 2928; x_wconf 90' lang='lat' dir='ltr'>ut</span> <span class='ocrx_word' id='word_1_227' title='bbox 756 2867 807 2928; x_wconf 90' lang='lat' dir='ltr'>illo</span> <span class='ocrx_word' id='word_1_228' title='bbox 828 2867 1041 2946; x_wconf 83' lang='lat' dir='ltr'>iatrosophista.</span> <span class='ocrx_word' id='word_1_229' title='bbox 1084 2865 1174 2928; x_wconf 83' lang='lat' dir='ltr'>Novit</span> <span class='ocrx_word' id='word_1_230' title='bbox 1194 2864 1433 2944; x_wconf 89' lang='lat' dir='ltr'>philosophorum</span> 
     </span>
     <span class='ocr_line' id='line_1_25' title="bbox 278 2969 1434 3056; baseline -0.002 -20"><span class='ocrx_word' id='word_1_231' title='bbox 278 2975 440 3048; x_wconf 85' lang='lat' dir='ltr'>doetrinae,</span> <span class='ocrx_word' id='word_1_232' title='bbox 477 2977 579 3038; x_wconf 75' lang='lat' dir='ltr'>didicit</span> <span class='ocrx_word' id='word_1_233' title='bbox 615 2978 725 3050; x_wconf 87' lang='lat' dir='ltr'>dioere,</span> <span class='ocrx_word' id='word_1_234' title='bbox 762 2977 850 3039; x_wconf 84' lang='lat' dir='ltr'>oallet</span> <span class='ocrx_word' id='word_1_235' title='bbox 885 2979 948 3056; x_wconf 87' lang='lat' dir='ltr'>ipso</span> <span class='ocrx_word' id='word_1_236' title='bbox 981 2971 1014 3034; x_wconf 80' lang='lat' dir='ltr'>td</span> <span class='ocrx_word' id='word_1_237' title='bbox 1049 2969 1213 3056; x_wconf 70' lang='grc' dir='ltr'>ἀντιλέγειν.</span> <span class='ocrx_word' id='word_1_238' title='bbox 1268 2975 1434 3036; x_wconf 85' lang='lat' dir='ltr'>Orationem</span> 
     </span>
     <span class='ocr_line' id='line_1_26' title="bbox 277 3083 871 3158; baseline 0.008 -13"><span class='ocrx_word' id='word_1_239' title='bbox 277 3083 422 3148; x_wconf 87' lang='lat' dir='ltr'>habemus</span> <span class='ocrx_word' id='word_1_240' title='bbox 445 3084 612 3158; x_wconf 72' lang='grc' dir='ltr'>ἐπιδείξεων</span> <span class='ocrx_word' id='word_1_241' title='bbox 633 3087 752 3150; x_wconf 85' lang='lat' dir='ltr'>illarum</span> <span class='ocrx_word' id='word_1_242' title='bbox 774 3105 871 3150; x_wconf 86' lang='lat' dir='ltr'>unam.</span> 
     </span>
    </p>

    <p class='ocr_par' dir='ltr' id='par_1_6' title="bbox 263 3193 1434 3504">
     <span class='ocr_line' id='line_1_27' title="bbox 263 3193 1434 3280; baseline 0 -22"><span class='ocrx_word' id='word_1_243' title='bbox 263 3193 266 3199; x_wconf 76' lang='grc'><strong>’</strong></span> <span class='ocrx_word' id='word_1_244' title='bbox 365 3196 551 3277; x_wconf 80' lang='lat' dir='ltr'>Empedoclis</span> <span class='ocrx_word' id='word_1_245' title='bbox 572 3201 664 3280; x_wconf 79' lang='lat' dir='ltr'>igitur</span> <span class='ocrx_word' id='word_1_246' title='bbox 696 3202 826 3261; x_wconf 83' lang='lat' dir='ltr'>doetrina</span> <span class='ocrx_word' id='word_1_247' title='bbox 853 3199 1074 3262; x_wconf 79' lang='lat' dir='ltr'>fundamentum</span> <span class='ocrx_word' id='word_1_248' title='bbox 1106 3201 1162 3271; x_wconf 87' lang='lat' dir='ltr'>ast;</span> <span class='ocrx_word' id='word_1_249' title='bbox 1193 3198 1245 3259; x_wconf 90' lang='lat' dir='ltr'>sed</span> <span class='ocrx_word' id='word_1_250' title='bbox 1266 3195 1434 3276; x_wconf 87' lang='lat' dir='ltr'>philosophi</span> 
     </span>
     <span class='ocr_line' id='line_1_28' title="bbox 265 3303 1432 3387; baseline 0.005 -23"><span class='ocrx_word' id='word_1_251' title='bbox 265 3306 268 3312; x_wconf 76' lang='grc'>”</span> <span class='ocrx_word' id='word_1_252' title='bbox 279 3303 403 3385; x_wconf 75' lang='grc' dir='ltr'><strong><em>τέσσαρα</em></strong></span> <span class='ocrx_word' id='word_1_253' title='bbox 419 3311 477 3367; x_wconf 74' lang='grc' dir='ltr'>ταῖν</span> <span class='ocrx_word' id='word_1_254' title='bbox 493 3307 614 3369; x_wconf 73' lang='grc' dir='ltr'><em>πάντων</em></span> <span class='ocrx_word' id='word_1_255' title='bbox 629 3304 777 3387; x_wconf 64' lang='grc' dir='ltr'>ῥιζώματα</span> <span class='ocrx_word' id='word_1_256' title='bbox 799 3314 892 3372; x_wconf 89' lang='lat' dir='ltr'>mutet</span> <span class='ocrx_word' id='word_1_257' title='bbox 905 3313 1036 3374; x_wconf 82' lang='lat' dir='ltr'>medians</span> <span class='ocrx_word' id='word_1_258' title='bbox 1057 3343 1100 3354; x_wconf 97' lang='lat'>-</span> <span class='ocrx_word' id='word_1_259' title='bbox 1122 3326 1193 3371; x_wconf 91' lang='lat' dir='ltr'>num</span> <span class='ocrx_word' id='word_1_260' title='bbox 1208 3311 1315 3384; x_wconf 79' lang='lat' dir='ltr'>anoton,</span> <span class='ocrx_word' id='word_1_261' title='bbox 1337 3307 1432 3370; x_wconf 90' lang='lat' dir='ltr'>adhuo</span> 
     </span>
     <span class='ocr_line' id='line_1_29' title="bbox 266 3417 1433 3504; baseline -0.001 -24"><span class='ocrx_word' id='word_1_262' title='bbox 266 3417 309 3480; x_wconf 88' lang='lat' dir='ltr'>&#39;ln</span> <span class='ocrx_word' id='word_1_263' title='bbox 329 3421 425 3481; x_wconf 89' lang='lat' dir='ltr'>medio</span> <span class='ocrx_word' id='word_1_264' title='bbox 447 3420 663 3500; x_wconf 87' lang='lat' dir='ltr'>relinquamus;</span> <span class='ocrx_word' id='word_1_265' title='bbox 695 3423 781 3500; x_wconf 87' lang='lat' dir='ltr'>ignis,</span> <span class='ocrx_word' id='word_1_266' title='bbox 813 3439 914 3504; x_wconf 81' lang='lat' dir='ltr'>aquas,</span> <span class='ocrx_word' id='word_1_267' title='bbox 944 3423 1028 3494; x_wconf 85' lang='lat' dir='ltr'>aeris,</span> <span class='ocrx_word' id='word_1_268' title='bbox 1056 3423 1150 3482; x_wconf 87' lang='lat' dir='ltr'>torrae</span> <span class='ocrx_word' id='word_1_269' title='bbox 1179 3421 1243 3481; x_wconf 83' lang='lat' dir='ltr'>vioe</span> <span class='ocrx_word' id='word_1_270' title='bbox 1273 3419 1433 3498; x_wconf 81' lang='lat' dir='ltr'>iunguntur</span> 
     </span>
    </p>
   </div>
   <div class='ocr_carea' id='block_1_5' title="bbox 276 3635 1432 4479">
    <p class='ocr_par' dir='ltr' id='par_1_7' title="bbox 278 3635 1432 3795">
     <span class='ocr_line' id='line_1_30' title="bbox 294 3635 1432 3710; baseline 0 -19"><span class='ocrx_word' id='word_1_271' title='bbox 294 3653 296 3658; x_wconf 92' lang='lat'>·</span> <span class='ocrx_word' id='word_1_272' title='bbox 364 3637 390 3706; x_wconf 90' lang='grc'>1)</span> <span class='ocrx_word' id='word_1_273' title='bbox 412 3635 575 3708; x_wconf 86' lang='lat' dir='ltr'>Philosopho</span> <span class='ocrx_word' id='word_1_274' title='bbox 593 3639 701 3695; x_wconf 86' lang='lat' dir='ltr'>morbos</span> <span class='ocrx_word' id='word_1_275' title='bbox 718 3654 824 3710; x_wconf 86' lang='lat' dir='ltr'>quoqne</span> <span class='ocrx_word' id='word_1_276' title='bbox 841 3639 914 3694; x_wconf 83' lang='lat' dir='ltr'>eordi</span> <span class='ocrx_word' id='word_1_277' title='bbox 931 3638 1012 3694; x_wconf 87' lang='lat' dir='ltr'>luisse</span> <span class='ocrx_word' id='word_1_278' title='bbox 1029 3654 1145 3710; x_wconf 84' lang='lat' dir='ltr'>papyrus</span> <span class='ocrx_word' id='word_1_279' title='bbox 1162 3635 1338 3692; x_wconf 82' lang='lat' dir='ltr'>londinensis</span> <span class='ocrx_word' id='word_1_280' title='bbox 1357 3637 1432 3692; x_wconf 90' lang='lat' dir='ltr'>dooet</span> 
     </span>
     <span class='ocr_line' id='line_1_31' title="bbox 278 3721 872 3795; baseline 0.005 -18"><span class='ocrx_word' id='word_1_281' title='bbox 278 3739 304 3794; x_wconf 93' lang='lat' dir='ltr'>p.</span> <span class='ocrx_word' id='word_1_282' title='bbox 320 3721 366 3788; x_wconf 76' lang='lat' dir='ltr'>XI,</span> <span class='ocrx_word' id='word_1_283' title='bbox 383 3723 418 3778; x_wconf 90' lang='grc'>22</span> <span class='ocrx_word' id='word_1_284' title='bbox 431 3739 470 3792; x_wconf 86' lang='lat' dir='ltr'>sq.</span> <span class='ocrx_word' id='word_1_285' title='bbox 505 3723 539 3778; x_wconf 86' lang='lat' dir='ltr'>of.</span> <span class='ocrx_word' id='word_1_286' title='bbox 557 3723 669 3779; x_wconf 86' lang='lat' dir='ltr'>Hermes</span> <span class='ocrx_word' id='word_1_287' title='bbox 688 3723 755 3782; x_wconf 79' lang='lat'>1898</span> <span class='ocrx_word' id='word_1_288' title='bbox 772 3741 797 3795; x_wconf 92' lang='lat' dir='ltr'>p.</span> <span class='ocrx_word' id='word_1_289' title='bbox 814 3723 872 3780; x_wconf 78' lang='lat'>420.</span> 
     </span>
    </p>

    <p class='ocr_par' dir='ltr' id='par_1_8' title="bbox 276 3807 1431 4388">
     <span class='ocr_line' id='line_1_32' title="bbox 361 3807 1431 3881; baseline -0.001 -18"><span class='ocrx_word' id='word_1_290' title='bbox 361 3807 390 3875; x_wconf 76' lang='grc'>2)</span> <span class='ocrx_word' id='word_1_291' title='bbox 407 3811 439 3863; x_wconf 86' lang='lat' dir='ltr'>nh</span> <span class='ocrx_word' id='word_1_292' title='bbox 456 3808 668 3880; x_wconf 79' lang='lat' dir='ltr'>Thrasymaohns</span> <span class='ocrx_word' id='word_1_293' title='bbox 685 3811 779 3881; x_wconf 80' lang='lat' dir='ltr'>papyri</span> <span class='ocrx_word' id='word_1_294' title='bbox 796 3809 853 3879; x_wconf 74' lang='lat' dir='ltr'><strong>(XI,</strong></span> <span class='ocrx_word' id='word_1_295' title='bbox 872 3809 906 3864; x_wconf 80' lang='grc'>42</span> <span class='ocrx_word' id='word_1_296' title='bbox 918 3813 977 3880; x_wconf 64' lang='lat' dir='ltr'>eqd.</span> <span class='ocrx_word' id='word_1_297' title='bbox 1014 3808 1047 3865; x_wconf 75' lang='lat' dir='ltr'>oi</span> <span class='ocrx_word' id='word_1_298' title='bbox 1065 3807 1182 3874; x_wconf 77' lang='lat' dir='ltr'>(initiam,</span> <span class='ocrx_word' id='word_1_299' title='bbox 1200 3807 1273 3863; x_wconf 86' lang='lat' dir='ltr'>cuius</span> <span class='ocrx_word' id='word_1_300' title='bbox 1291 3819 1431 3864; x_wconf 88' lang='lat' dir='ltr'>memorem</span> 
     </span>
     <span class='ocr_line' id='line_1_33' title="bbox 279 3891 1431 3968; baseline -0.002 -20"><span class='ocrx_word' id='word_1_301' title='bbox 279 3908 337 3948; x_wconf 78' lang='lat' dir='ltr'>osee</span> <span class='ocrx_word' id='word_1_302' title='bbox 356 3895 492 3950; x_wconf 79' lang='lat' dir='ltr'>auctorem</span> <span class='ocrx_word' id='word_1_303' title='bbox 509 3893 632 3964; x_wconf 76' lang='lat' dir='ltr'>Ilbergus</span> <span class='ocrx_word' id='word_1_304' title='bbox 649 3898 728 3966; x_wconf 82' lang='lat' dir='ltr'>putat</span> <span class='ocrx_word' id='word_1_305' title='bbox 752 3895 781 3966; x_wconf 90' lang='lat' dir='ltr'>(l.</span> <span class='ocrx_word' id='word_1_306' title='bbox 801 3911 822 3952; x_wconf 86' lang='lat' dir='ltr'>o.</span> <span class='ocrx_word' id='word_1_307' title='bbox 840 3912 865 3966; x_wconf 89' lang='lat' dir='ltr'>p.</span> <span class='ocrx_word' id='word_1_308' title='bbox 882 3894 940 3960; x_wconf 79' lang='lat'>20);</span> <span class='ocrx_word' id='word_1_309' title='bbox 967 3894 1045 3959; x_wconf 75' lang='grc' dir='ltr'>ἕτεροι</span> <span class='ocrx_word' id='word_1_310' title='bbox 1061 3892 1092 3968; x_wconf 73' lang='lat' dir='ltr'>dl</span> <span class='ocrx_word' id='word_1_311' title='bbox 1110 3891 1174 3959; x_wconf 77' lang='lat' dir='ltr'>oripo</span> <span class='ocrx_word' id='word_1_312' title='bbox 1192 3893 1309 3960; x_wconf 67' lang='grc' dir='ltr'><strong>καθάπερ</strong></span> <span class='ocrx_word' id='word_1_313' title='bbox 1327 3894 1431 3958; x_wconf 83' lang='grc' dir='ltr'>Κριτίας</span> 
     </span>
     <span class='ocr_line' id='line_1_34' title="bbox 276 3975 1430 4051; baseline -0.003 -17"><span class='ocrx_word' id='word_1_314' title='bbox 276 3993 313 4034; x_wconf 73' lang='lat' dir='ltr'>eo.</span> <span class='ocrx_word' id='word_1_315' title='bbox 330 3979 431 4046; x_wconf 82' lang='grc' dir='ltr'>λέγουσι</span> <span class='ocrx_word' id='word_1_316' title='bbox 448 3978 495 4046; x_wconf 73' lang='grc' dir='ltr'>τήν</span> <span class='ocrx_word' id='word_1_317' title='bbox 514 3979 600 4050; x_wconf 71' lang='grc' dir='ltr'><strong>ψυχήν</strong></span> <span class='ocrx_word' id='word_1_318' title='bbox 627 3981 747 4051; x_wconf 79' lang='lat' dir='ltr'>(Aristot.</span> <span class='ocrx_word' id='word_1_319' title='bbox 766 3981 799 4036; x_wconf 82' lang='lat' dir='ltr'>da</span> <span class='ocrx_word' id='word_1_320' title='bbox 817 3997 861 4036; x_wconf 81' lang='lat' dir='ltr'>an.</span> <span class='ocrx_word' id='word_1_321' title='bbox 880 3980 951 4036; x_wconf 66' lang='lat' dir='ltr'>loha</span> <span class='ocrx_word' id='word_1_322' title='bbox 965 3979 1005 4044; x_wconf 70' lang='lat' dir='ltr'>di:</span> <span class='ocrx_word' id='word_1_323' title='bbox 1031 3981 1106 4033; x_wconf 81' lang='grc' dir='ltr'>τοῦτο</span> <span class='ocrx_word' id='word_1_324' title='bbox 1123 3987 1170 4046; x_wconf 81' lang='lat' dir='ltr'>(so.</span> <span class='ocrx_word' id='word_1_325' title='bbox 1195 3975 1270 4047; x_wconf 77' lang='grc' dir='ltr'>αἷμα)</span> <span class='ocrx_word' id='word_1_326' title='bbox 1293 3979 1430 4044; x_wconf 77' lang='grc' dir='ltr'>νομίζουσιν</span> 
     </span>
     <span class='ocr_line' id='line_1_35' title="bbox 277 4060 1431 4136; baseline 0.003 -20"><span class='ocrx_word' id='word_1_327' title='bbox 277 4061 404 4129; x_wconf 71' lang='grc' dir='ltr'>εἶναιτὴν</span> <span class='ocrx_word' id='word_1_328' title='bbox 422 4063 508 4133; x_wconf 71' lang='grc' dir='ltr'><strong>ψυχὴν</strong></span> <span class='ocrx_word' id='word_1_329' title='bbox 526 4067 562 4134; x_wconf 81' lang='grc' dir='ltr'>τῷ</span> <span class='ocrx_word' id='word_1_330' title='bbox 581 4060 710 4136; x_wconf 65' lang='grc' dir='ltr'>ἀνθρώπῳ</span> <span class='ocrx_word' id='word_1_331' title='bbox 728 4075 761 4129; x_wconf 89' lang='lat' dir='ltr'>(o.</span> <span class='ocrx_word' id='word_1_332' title='bbox 774 4065 829 4132; x_wconf 84' lang='lat' dir='ltr'>VI).</span> <span class='ocrx_word' id='word_1_333' title='bbox 858 4065 912 4121; x_wconf 78' lang='lat' dir='ltr'>Sed</span> <span class='ocrx_word' id='word_1_334' title='bbox 929 4066 1014 4121; x_wconf 86' lang='lat' dir='ltr'>multo</span> <span class='ocrx_word' id='word_1_335' title='bbox 1029 4065 1199 4121; x_wconf 81' lang='lat' dir='ltr'>verisimilius</span> <span class='ocrx_word' id='word_1_336' title='bbox 1216 4079 1275 4118; x_wconf 88' lang='lat' dir='ltr'>osse</span> <span class='ocrx_word' id='word_1_337' title='bbox 1293 4063 1327 4118; x_wconf 86' lang='lat' dir='ltr'>nd</span> <span class='ocrx_word' id='word_1_338' title='bbox 1339 4063 1431 4134; x_wconf 81' lang='lat' dir='ltr'>Enipe-</span> 
     </span>
     <span class='ocr_line' id='line_1_36' title="bbox 277 4145 1429 4222; baseline -0.008 -12"><span class='ocrx_word' id='word_1_339' title='bbox 277 4147 362 4210; x_wconf 79' lang='lat' dir='ltr'>doolis</span> <span class='ocrx_word' id='word_1_340' title='bbox 380 4149 527 4206; x_wconf 78' lang='lat' dir='ltr'>doetrinam</span> <span class='ocrx_word' id='word_1_341' title='bbox 545 4151 679 4222; x_wconf 81' lang='lat' dir='ltr'>pertinere</span> <span class='ocrx_word' id='word_1_342' title='bbox 695 4152 778 4208; x_wconf 85' lang='lat' dir='ltr'>verbs</span> <span class='ocrx_word' id='word_1_343' title='bbox 794 4167 872 4208; x_wconf 84' lang='lat' dir='ltr'>nemo</span> <span class='ocrx_word' id='word_1_344' title='bbox 889 4151 1001 4222; x_wconf 74' lang='lat' dir='ltr'>negabit</span> <span class='ocrx_word' id='word_1_345' title='bbox 1021 4159 1056 4218; x_wconf 72' lang='lat' dir='ltr'>(v.</span> <span class='ocrx_word' id='word_1_346' title='bbox 1073 4149 1125 4206; x_wconf 80' lang='grc'>329</span> <span class='ocrx_word' id='word_1_347' title='bbox 1142 4149 1183 4205; x_wconf 83' lang='lat' dir='ltr'>ed</span> <span class='ocrx_word' id='word_1_348' title='bbox 1201 4148 1277 4204; x_wconf 80' lang='lat' dir='ltr'>Stsin</span> <span class='ocrx_word' id='word_1_349' title='bbox 1304 4145 1369 4215; x_wconf 80' lang='grc' dir='ltr'>αἱμα</span> <span class='ocrx_word' id='word_1_350' title='bbox 1385 4147 1429 4216; x_wconf 78' lang='grc' dir='ltr'>γὰρ</span> 
     </span>
     <span class='ocr_line' id='line_1_37' title="bbox 277 4230 1428 4305; baseline 0.002 -17"><span class='ocrx_word' id='word_1_351' title='bbox 277 4230 420 4300; x_wconf 67' lang='grc' dir='ltr'>α’νιρώιιοις</span> <span class='ocrx_word' id='word_1_352' title='bbox 437 4235 602 4303; x_wconf 60' lang='lat' dir='ltr'>repondisse</span> <span class='ocrx_word' id='word_1_353' title='bbox 620 4236 675 4291; x_wconf 73' lang='grc' dir='ltr'>ἐστι</span> <span class='ocrx_word' id='word_1_354' title='bbox 692 4237 785 4305; x_wconf 79' lang='grc' dir='ltr'>νόημα.</span> <span class='ocrx_word' id='word_1_355' title='bbox 819 4237 906 4293; x_wconf 86' lang='lat' dir='ltr'>Zeller</span> <span class='ocrx_word' id='word_1_356' title='bbox 923 4237 937 4294; x_wconf 95' lang='lat'>1</span> <span class='ocrx_word' id='word_1_357' title='bbox 955 4236 966 4268; x_wconf 78' lang='lat'>⁵</span> <span class='ocrx_word' id='word_1_358' title='bbox 983 4235 1041 4302; x_wconf 82' lang='lat'>802,</span> <span class='ocrx_word' id='word_1_359' title='bbox 1058 4235 1088 4302; x_wconf 69' lang='grc' dir='ltr'>ὃς</span> <span class='ocrx_word' id='word_1_360' title='bbox 1109 4235 1140 4294; x_wconf 78' lang='lat' dir='ltr'>of.</span> <span class='ocrx_word' id='word_1_361' title='bbox 1164 4254 1191 4289; x_wconf 83' lang='lat' dir='ltr'>u·</span> <span class='ocrx_word' id='word_1_362' title='bbox 1209 4231 1291 4290; x_wconf 78' lang='grc' dir='ltr'><strong>νόσων</strong></span> <span class='ocrx_word' id='word_1_363' title='bbox 1308 4233 1329 4300; x_wconf 87' lang='lat'>1,</span> <span class='ocrx_word' id='word_1_364' title='bbox 1347 4250 1369 4292; x_wconf 84' lang='lat' dir='ltr'>o.</span> <span class='ocrx_word' id='word_1_365' title='bbox 1385 4233 1428 4298; x_wconf 71' lang='lat'>303</span> 
     </span>
     <span class='ocr_line' id='line_1_38' title="bbox 277 4319 1245 4388; baseline 0.01 -16"><span class='ocrx_word' id='word_1_366' title='bbox 277 4337 305 4373; x_wconf 81' lang='grc' dir='ltr'>π.</span> <span class='ocrx_word' id='word_1_367' title='bbox 323 4322 411 4388; x_wconf 78' lang='grc' dir='ltr'><strong>φυσῶν</strong></span> <span class='ocrx_word' id='word_1_368' title='bbox 430 4337 451 4377; x_wconf 91' lang='lat' dir='ltr'>o.</span> <span class='ocrx_word' id='word_1_369' title='bbox 470 4319 520 4380; x_wconf 72' lang='lat'>14).</span> <span class='ocrx_word' id='word_1_370' title='bbox 1242 4369 1245 4382; x_wconf 89' lang='lat'>.</span> 
     </span>
    </p>

    <p class='ocr_par' dir='ltr' id='par_1_9' title="bbox 344 4403 1350 4479">
     <span class='ocr_line' id='line_1_39' title="bbox 344 4403 1350 4479; baseline 0 -19"><span class='ocrx_word' id='word_1_371' title='bbox 344 4405 372 4471; x_wconf 80' lang='grc'>3)</span> <span class='ocrx_word' id='word_1_372' title='bbox 389 4409 420 4461; x_wconf 84' lang='lat' dir='ltr'>ni</span> <span class='ocrx_word' id='word_1_373' title='bbox 437 4407 467 4462; x_wconf 90' lang='lat' dir='ltr'>in</span> <span class='ocrx_word' id='word_1_374' title='bbox 484 4423 585 4479; x_wconf 84' lang='lat' dir='ltr'>papyro</span> <span class='ocrx_word' id='word_1_375' title='bbox 603 4407 728 4475; x_wconf 78' lang='lat' dir='ltr'>medians,</span> <span class='ocrx_word' id='word_1_376' title='bbox 746 4407 819 4464; x_wconf 85' lang='lat' dir='ltr'>onius</span> <span class='ocrx_word' id='word_1_377' title='bbox 838 4425 935 4464; x_wconf 88' lang='lat' dir='ltr'>nomen</span> <span class='ocrx_word' id='word_1_378' title='bbox 953 4406 1071 4463; x_wconf 86' lang='lat' dir='ltr'>deletum</span> <span class='ocrx_word' id='word_1_379' title='bbox 1089 4408 1131 4461; x_wconf 88' lang='lat' dir='ltr'>est</span> <span class='ocrx_word' id='word_1_380' title='bbox 1147 4422 1172 4476; x_wconf 93' lang='lat' dir='ltr'>p.</span> <span class='ocrx_word' id='word_1_381' title='bbox 1189 4403 1263 4470; x_wconf 72' lang='lat' dir='ltr'>xiii,</span> <span class='ocrx_word' id='word_1_382' title='bbox 1281 4403 1350 4474; x_wconf 70' lang='lat' dir='ltr'>deq.</span> 
     </span>
    </p>
   </div>
   <div class='ocr_carea' id='block_1_6' title="bbox 0 0 1556 5018">
    <p class='ocr_par' dir='ltr' id='par_1_10' title="bbox 0 0 1556 5018">
     <span class='ocr_line' id='line_1_40' title="bbox 0 0 1556 5018; baseline 0 0"><span class='ocrx_word' id='word_1_383' title='bbox 0 0 1556 5018; x_wconf 95' lang='lat' dir='ltr'> </span> 
     </span>
    </p>
   </div>
  </div>
 </body>
</html>
