3104 5018
590 294 803 358 ...25-

117 465 252 538 παιόἰου,
275 489 304 525 rr.
329 460 426 526 νόσων
439 467 483 529 IV
504 468 678 546 scripsit¹):
700 458 773 538 αἷμα
795 462 909 546 φλέγμα
931 460 1019 542 χολὴν
1041 463 1140 540 ὕδωρς
1174 466 1280 528 Mene·

119 582 214 641 crates
237 579 266 653 (l.
290 597 313 640 ο.
335 579 410 653 XIX,
436 579 475 640 18
491 580 545 658 sq.)
569 570 642 650 αἷμα
666 576 781 655 φλέγμα
811 572 898 652 χολὴν
930 579 1055 653 πνεῦμα.
1099 578 1144 640 Ex
1165 579 1281 658 quibua

118 689 248 752 Philolai
276 692 418 752 rationem
447 707 535 770 quam
565 689 787 769 iatrosopbistae
817 692 912 752 aetate
934 691 1073 751 maiorem
1094 689 1186 752 luisse
1207 707 1280 767 pro*

118 802 234 875 babile,
268 803 391 864 duorum
421 802 544 862 aliorum
574 803 701 864 minores
730 802 846 864 videtur
874 819 932 862 non
963 801 1092 862 dubium.
1143 801 1278 879 Uterque

121 914 201 974 enim
231 914 268 974 ab
298 912 350 974 illo
381 911 527 992 pendet2)
559 914 680 991 eiusque
712 914 871 974 doctrinam
900 915 1050 992 propagat.
1102 912 1176 974 Oum
1211 914 1280 974 eius<

121 1024 277 1104 disciplina
305 1024 429 1102 simplex
458 1027 504 1097 eit,
533 1023 652 1084 illorum
681 1042 758 1085 unus
787 1027 816 1085 et
845 1025 930 1086 sedes
962 1040 1096 1085 umorum
1131 1025 1283 1084 certmst
1392 1031 1394 1034 ’

120 1135 266 1209 alimenta,
298 1137 405 1214 quibus
419 1155 421 1160 ’
435 1138 574 1208 crescant,
608 1135 753 1212 explorata
786 1135 874 1196 babet
904 1136 948 1211 (ιι.
978 1128 1074 1191 νόσων
1095 1134 1139 1194 IV
1171 1152 1193 1195 o.
1216 1133 1282 1210 33;,

122 1245 271 1319 35-38),
302 1245 377 1308 θΙῖθι
405 1249 547 1308 rationem
578 1247 673 1324 ipsam
703 1247 857 1308 emendare
879 1245 950 1319 vult,
980 1248 1013 1306 ut
1034 1245 1282 1307 Wilamowitaiue

119 1361 201 1419 recte
222 1345 304 1430 vidit,
334 1376 401 1419 cum
425 1359 540 1430 πνεῦμα
562 1358 645 1418 addit
667 1359 695 1418 et
716 1357 808 1418 bilem
829 1358 945 1434 nigram
968 1373 984 1418 θ
1005 1357 1082 1418 flava
1104 1357 1184 1417 nasci
1206 1373 1273 1433 pro·

120 1471 237 1530 nuntiat
251 1468 284 1544 (l.
307 1487 330 1530 o.
344 1468 420 1541 XIX,
444 1468 508 1548 37).
544 1469 591 1530 lta
613 1486 677 1530 csse
699 1486 736 1530 nc
751 1469 904 1530 Meconem
927 1469 1046 1547 quidem
1068 1468 1159 1546 fugit:
1181 1467 1279 1528 libelli·

120 1601 153 1637 π.
179 1576 249 1648 odo.
273 1571 359 1652 dvdp.
392 1582 552 1642 docuinam
582 1582 661 1659 apud
682 1597 749 1641 curn
772 1581 878 1658 excipit
898 1579 1081 1641 Menecratis.
1125 1579 1282 1641 Philolaus

119 1692 213 1769 igitur
235 1693 289 1753 otei
311 1690 391 1754 solus
412 1723 454 1736 -
477 1709 550 1770 quos
572 1692 689 1770 quidem
712 1707 811 1752 eorum
832 1708 885 1752 nos
913 1707 1120 1769 cognoscamus
1142 1724 1183 1733 —
1205 1693 1277 1752 natu

121 1803 216 1863 maior
238 1806 282 1864 ost
304 1805 516 1882 -praecedit
538 1804 625 1863 etiam
648 1803 677 1862 in
695 1803 828 1864 Menenio
851 1803 1066 1863 enumeratione
1090 1835 1137 1872 -,
1159 1817 1276 1862 umores

119 1915 202 1992 ipsos
225 1916 253 1975 ot
275 1913 469 1993 complurium
485 1915 715 1975 coniunctionem
730 1914 857 1974 auctoris
872 1929 930 1974 uon
953 1931 1017 1974 esse
1039 1916 1157 1974 θθιιθῖιιῖ.
1194 1911 1284 1973 Num-

119 2025 216 2103 primo
239 2026 275 2086 ab
299 2043 332 2086 eo
355 2028 490 2104 quatuor
511 2023 555 2085 illi
577 2026 635 2104 ipsi
666 2026 724 2086 sint
746 2025 898 2102 compositi
918 2023 1104 2103 Empedoclis
1126 2041 1213 2094 merc,
1244 2025 1280 2084 in

120 2136 211 2196 dubio
233 2135 493 2215 relinquendumst.

200 2225 339 2308 ‘Aetatem
362 2248 487 2326 denique
508 2248 635 2308 θιιθῖθιίθ
656 2248 690 2307 ut
710 2247 915 2326 perstringam,
937 2264 954 2308 o
976 2247 1056 2320 viris,
1078 2263 1150 2324 qnos
1165 2247 1284 2308 nerent

119 2362 151 2420 et
172 2359 339 2436 respexerit,
369 2377 384 2420 e
407 2375 521 2437 genere,
552 2358 601 2436 qui
623 2356 760 2436 loquatur
782 2359 946 2428 absentiat,
977 2358 1064 2419 facile
1088 2360 1132 2418 est
1151 2357 1280 2435 probata

118 2471 274 2549 scripsisse
297 2487 363 2532 eum
387 2474 514 2532 extremo
537 2468 652 2531 saeculo
675 2470 785 2548 quinto.

208 2632 264 2693 Hic
286 2635 392 2704 auctor,
415 2633 466 2710 qui
488 2632 561 2693 haec
583 2632 671 2695 hebet
685 2634 754 2694 boni
770 2634 798 2694 θῖ
820 2630 899 2704 mali,
923 2649 987 2693 esse
1009 2633 1178 2692 dicitur-
1200 2631 1282 2692 unde

119 2743 272 2821 digressus
288 2762 362 2815 sum,
385 2746 513 2805 revertor
535 2778 577 2785 —-
599 2748 649 2805 eut
663 2744 855 2822 Hippocrates
870 2751 921 2803 aut
934 2741 1073 2820 Polybus,
1093 2759 1183 2820 gener
1199 2743 1281 2804 eiust

117 2854 258 2915 Mirabile
281 2857 398 2916 auditui
1282 2845 1284 2854 “

209 2965 350 3027 Utenim
372 2968 485 3027 ateste
508 2970 537 3027 ct
560 2967 763 3045 antiquissimo
793 2968 822 3027 et
849 2965 1022 3043 gravissimo
1051 2965 1155 3036 ordiar,
1183 2965 1283 3037 Meno,

118 3076 288 3138 Aristotelis
311 3076 485 3156 discipulus,
516 3076 651 3139 libellum
680 3078 814 3139 attribuit
834 3076 958 3157 Polybc;
988 3077 1093 3137 medici
1115 3075 1198 3136 illius
1220 3076 1281 3137 sub

118 3189 260 3250 lemmate
282 3189 313 3249 in
342 3207 449 3269 papyro
479 3190 573 3267 capita
594 3189 636 3250 IV
666 3190 763 3267 priora
785 3190 911 3249 citamur
939 3187 1025 3262 (XIX,
1048 3187 1066 3247 2
1090 3189 1152 3266 sq.).
1195 3186 1284 3247 Alter·

120 3304 168 3360 eat
191 3298 332 3373 Galenus,
361 3301 411 3378 qui
434 3318 522 3378 quam
544 3300 648 3361 acriter
669 3301 729 3360 iam
750 3302 813 3360 tum
842 3301 877 3360 de
898 3298 969 3360 libri
997 3301 1113 3360 auctore
1135 3301 1277 3359 certatum

120 3411 174 3482 sit,
202 3411 401 3488 copiosissime
431 3413 520 3472 docet.
572 3411 676 3486 llrant,
705 3413 756 3490 qui
784 3413 890 3482 totum,
920 3411 997 3489 quod
1025 3405 1279 3488 perlustravimus,

121 3512 287 3596 ὑπόμνημα
309 3521 483 3600 abrogarent
504 3521 676 3599 Hippocrati
699 3521 731 3598 (l.
755 3541 778 3584 c.
801 3539 828 3600 p.
852 3521 885 3599 9)
907 3524 958 3582 aut
979 3521 1146 3582 addicerent
1167 3519 1284 3598 Polybo

196 3737 221 3804 1)
238 3737 355 3794 Littreur
372 3738 456 3794 libros
474 3742 528 3793 tres
546 3739 574 3794 in
592 3756 673 3794 unum
690 3739 825 3794 coniunxit
843 3755 922 3808 opus;
948 3738 996 3792 sed
1013 3743 1045 3792 ut
1068 3756 1093 3790 π.
1113 3739 1189 3803 γονῆς
1208 3743 1235 3791 et
1253 3756 1278 3792 ιι.

121 3822 187 3890 oio.
206 3825 306 3878 nordico
331 3841 422 3880 revera
439 3824 583 3880 cohaerent
607 3823 800 3894 populandique
818 3826 886 3889 runt,
909 3823 949 3878 ita
965 3843 990 3877 ιι.
1011 3821 1092 3878 νόσων
1116 3822 1154 3877 IV
1170 3822 1285 3878 libellus

7 3915 10 3922 '
121 3925 173 3980 per
199 3925 228 3964 se
252 3912 313 3975 stat
339 3909 374 3964 ab
400 3910 494 3965 eodem
518 3927 581 3965 sanc
606 3915 714 3966 auctore
740 3913 853 3964 antea
870 3918 905 3975 (ιι.
924 3911 1002 3977 γονῆς
1019 3925 1040 3965 a
1058 3908 1084 3969 3)
1102 3909 1286 3979 compositura

123 3994 211 4051 habet
228 3995 298 4050 enirn
314 3996 479 4065 prooemium
495 4005 527 4062 (a
545 3997 589 4060 32)
607 4001 636 4052 et
652 3996 732 4052 flnem
750 4000 782 4063 (o.
800 3995 860 4064 53);
886 3995 999 4052 aliorum
1025 3995 1144 4050 eiusdem
1162 3995 1285 4050 θιιθῖθιίθ

122 4079 254 4136 librorum
272 4081 400 4150 reliquiae
417 4081 538 4138 adiectae
555 4085 618 4138 sunt
634 4091 667 4146 (c.
684 4082 811 4148 54-57);
831 4081 887 4136 eine
905 4081 1041 4136 doctrinae
1059 4079 1093 4134 dc
1111 4080 1229 4136 lontibus
1246 4079 1284 4134 oi.

122 4166 254 4223 Dielsinm
278 4166 306 4221 in
330 4166 513 4233 Herm1893,
538 4167 638 4237 ltdsq.
674 4167 706 4224 ct.
732 4167 823 4236 llberg
839 4164 1093 4238 Hippocrate-(llere
1119 4166 1143 4222 d.
1169 4165 1285 4220 Erotion

122 4270 149 4323 p·
168 4250 226 4406 133)-
243 4335 320 4403 Quod
344 4335 379 4391 ad
404 4355 427 4388 n.
456 4336 537 4390 νόσων
555 4336 594 4391 1v
611 4337 718 4404 attinet,
747 4337 885 4392 onundata
911 4337 992 4391 etiarn
1010 4335 1115 4406 singula
1134 4336 1284 4405 comparari

122 4429 250 4495 possunt:
276 4422 328 4477 Vll
345 4439 370 4492 p.
387 4422 445 4488 542,
463 4422 479 4475 5
497 4437 556 4477 oum
573 4421 618 4488 VI,
636 4421 677 4488 36,
697 4423 739 4488 1a;
767 4421 808 4487 40,
826 4422 866 4477 10.
892 4437 913 4477 a
931 4421 965 4478 34
991 4438 1051 4477 cunr
1069 4421 1110 4487 44,
1129 4421 1161 4476 14
1173 4437 1211 4491 sq.
1230 4423 1286 4476 etc,
