3104 5018
728 215 941 280 -10-

256 391 322 450 sani
344 391 404 450 sint
425 405 546 450 neeesse
569 393 614 451 ost
634 392 757 463 aestate,
789 391 859 452 olum
879 389 993 468 pituita,
1022 405 1097 468 quae
1119 405 1207 450 eausa
1229 391 1291 449 erat
1311 386 1416 459 morbi,

257 501 335 562 nihil
356 500 442 563 valet.
485 501 597 562 Eodem
618 503 703 562 modo
724 518 773 562 res
801 519 834 562 se
861 499 952 562 habet
980 501 1089 561 aestate
1111 503 1139 560 et
1161 498 1258 560 hieme
1287 491 1321 575 (ἡ
1343 489 1415 573 χολὴ

257 605 384 688 ἀείρεται
408 655 485 670 ....
508 613 562 669 τοῦ
584 608 692 687 θέρεος
716 614 744 676 (i.
761 629 784 673 ο.
807 611 877 673 bilis
899 611 988 685 flava)
1010 629 1038 690 p.
1054 608 1104 682 48,
1119 610 1153 671 5:
1177 603 1196 684 ἥ
1218 629 1248 667 τε
1270 601 1338 684 χολὴ
1355 621 1414 682 ψυ-

257 717 368 798 popina
390 724 461 796 (1ο.
483 723 590 797 hieme)
613 715 695 798 ὀλίγη
711 722 821 800 γίνεται
843 722 974 800 4815),
995 739 1063 784 vero
1087 724 1115 783 et
1136 724 1274 784 autumno
1296 720 1364 798 (τοῦ
1383 714 1415 778 δὲ

256 819 402 908 ἦρος...
426 829 458 893 τό
482 825 556 906 αἷμα
578 827 695 904 αὔξεται
718 834 768 908 46,
791 833 844 896 16;
873 834 927 892 τοῦ
951 828 983 891 δὲ
1004 828 1110 909 θέρεος
1133 828 1225 908 ἰσχύει
1247 829 1286 890 ἔτι
1311 831 1360 904 48,
1380 831 1415 892 5:

249 944 311 1002 ’τοῦ
334 939 364 1003 tl
388 939 592 1019 φθινοπώρου
615 939 764 1020 ἐλάχιστον
786 944 896 1030 γίνεταιῚ
918 944 967 1017 48,
990 945 1024 1016 6;
1054 942 1189 1020 4818),
1220 947 1359 1006 autumno
1387 945 1415 1004 et

257 1073 327 1118 vere
358 1047 392 1132 (ἦ
415 1051 446 1114 ti
468 1052 592 1130 pilaeve
614 1049 685 1131 χολὴ
708 1058 763 1114 τοῦ
786 1050 989 1130 φθινοπώρου
1012 1049 1188 1132 ἰσχυροτάτη
1211 1052 1271 1114 ἐστι’
1293 1052 1414 1126 48,13;

256 1160 276 1240 ἥ
298 1186 328 1223 τε
342 1160 419 1242 Ιχολή
443 1163 598 1242 ψυχομένη
621 1159 703 1246 ὀλίγη
726 1167 836 1243 γίνεται
863 1167 917 1224 τοῦ
939 1167 1082 1242 χειμῶνος
1104 1165 1154 1239 48,
1179 1165 1231 1228 15:
1261 1166 1415 1226 minimum

257 1277 346 1339 habet
360 1279 421 1339 rim
437 1279 527 1356 vere).
570 1279 673 1358 Itaque
688 1281 774 1358 eaput
793 1281 935 1354 ootavum,
958 1281 1099 1357 quantum
1121 1279 1240 1357 quidem
1262 1278 1326 1338 eius
1348 1293 1415 1337 oon-

254 1389 389 1467 templati
411 1406 522 1462 sumus,
552 1407 617 1452 eum
640 1391 787 1467 prioribus
817 1392 862 1451 est
883 1390 1127 1468 eoniungendum.
1180 1388 1239 1450 Sed
1259 1389 1335 1450 inter
1356 1388 1414 1448 ‹iuo

256 1499 308 1560 illa
338 1501 486 1562 enuntiata
514 1499 654 1580 leguntur
683 1501 757 1562 baeo
779 1503 883 1562 rerba:
913 1495 969 1559 ὅσα
999 1493 1040 1575 μὴ
1072 1498 1103 1559 ἐν
1126 1494 1257 1580 περιόδῳ
1279 1491 1414 1572 ἡμερέων

256 1603 487 1670 ἀπαλλάσσεται·
517 1605 571 1686 τήν
593 1607 625 1669 δὲ
648 1611 787 1686 περίοδον
814 1599 897 1680 οὗτος
927 1606 1035 1686 φράσον
1065 1613 1125 1670 τῶν
1148 1602 1287 1686 ἡμερέων.
1333 1609 1414 1684 Quod

256 1723 305 1784 hio
319 1725 507 1800 promittitur,
528 1741 672 1803 nusquam
687 1724 824 1803 legimus.
860 1725 963 1804 Itaque
977 1726 1125 1802 integrum
1147 1741 1205 1784 uon
1221 1739 1285 1784 esse
1303 1720 1414 1782 librum

256 1833 455 1896 Ermeriusius
477 1836 579 1896 statuit
608 1835 653 1911 (II
674 1854 701 1914 p.
724 1835 838 1913 xum)
869 1839 897 1897 et
918 1835 1046 1896 Littreus
1068 1836 1186 1896 adnotat
1207 1835 1318 1894 nesoire
1340 1849 1414 1907 sese,

255 1946 308 2006 ubi
322 1948 430 2018 anoton,
453 1963 528 2024 quae
547 1945 728 2024 polliosatur,
751 1946 870 2008 solverit
891 1946 989 2025 (le.
1006 1945 1089 2008 5111.
1108 1945 1169 2022 15).
1213 1945 1306 2023 Atqui
1326 1944 1414 2005 verba

258 2058 287 2118 et
308 2054 383 2117 ialso
405 2059 483 2118 stant
511 2056 587 2130 loeo,
617 2075 686 2118 nam
715 2075 773 2118 non
800 2058 838 2118 ad
861 2059 916 2118 duo
943 2059 1011 2118 anni
1039 2059 1169 2134 tempora
1197 2056 1281 2118 modo
1303 2057 1356 2117 sed
1377 2055 1415 2116 ad

257 2168 355 2228 omnia
376 2169 522 2246 pertinere
543 2167 598 2228 illa
619 2167 748 2229 voluisse
769 2171 917 2230 auotorem
940 2170 1073 2247 apparot,
1105 2170 1133 2230 et
1155 2168 1310 2240 doetrinae,
1338 2183 1414 2246 qnae

256 2280 326 2339 anni
347 2280 527 2356 temporibus
548 2281 665 2340 morbos
679 2277 744 2342 fieri
766 2281 873 2340 mutari
895 2281 1014 2341 interire
1032 2281 1122 2354 dooet,
1145 2278 1240 2357 plane,
1263 2280 1339 2358 quod
1355 2279 1415 2340 die·

256 2407 324 2450 rum
345 2391 499 2467 periodum
520 2391 695 2468 praedioant,
720 2392 928 2452 oontradiount.
980 2391 1092 2465 Quibus
1114 2392 1150 2452 de
1173 2387 1414 2452 oensis-dolenda

259 2517 294 2562 ea
316 2519 381 2562 esse
396 2503 463 2580 quis
486 2504 530 2562 est
552 2503 603 2580 qui
625 2503 731 2580 neget?
763 2501 855 2563 ·Fieri
871 2505 969 2564 autem
984 2503 1121 2580 potuisse,
1143 2504 1176 2562 nt
1190 2500 1414 2573 lnoulearentur‚

256 2611 349 2673 altera
370 2612 592 2690 interpolatione
605 2613 746 2690 probetur
767 2612 859 2674 multo
882 2614 1061 2675 evidentiore
1081 2630 1212 2692 quaeque
1233 2611 1339 2684 looum,
1362 2613 1415 2674 ubi

256 2725 336 2802 prior
357 2723 411 2784 illa
433 2726 541 2784 reetius
562 2723 680 2802 legitur,
701 2725 819 2786 obtinet.

342 2836 441 2896 Verba
456 2837 530 2909 dieo,
546 2852 620 2914 quae
634 2837 763 2912 genuina
778 2853 867 2914 supra
881 2838 1004 2896 traotata
1022 2836 1254 2914 subsequuntur:
1276 2828 1323 2892 lito
1338 2825 1363 2890 δ’
1380 2825 1415 2890 ola

256 2939 310 3014 τᾶς
328 2939 407 3020 ὅρος
423 2941 532 3012 ταύτας
547 2939 718 3027 ὑπερβάλλῃ
734 2943 859 3018 νόσημα,
883 2944 993 3004 εἰδέναι
1014 2941 1069 3022 χρυ)
1091 2943 1241 3004 ἐνιαύσιον
1264 2941 1413 3016 ἐσόμενον.

257 3056 338 3132 Quae
360 3058 466 3118 rationi
488 3058 616 3136 oapitum
642 3056 723 3118 1-8
747 3059 861 3118 omnino
888 3059 1031 3119 eontraria
1061 3075 1126 3118 esse
1156 3057 1262 3130 sinuat,
1292 3075 1361 3118 nam
1382 3059 1415 3118 ut

256 3170 376 3230 morbus
407 3167 515 3247 aliquis
541 3170 690 3230 diversum
718 3170 787 3230 anni
817 3173 933 3247 tempus
961 3170 1200 3246 transgrediatur,
1232 3185 1306 3228 anno
1336 3171 1422 3246 post--

257 3298 346 3360 quam
369 3283 449 3340 ortus
471 3282 523 3352 est,
546 3280 679 3340 desinere
701 3297 758 3340 non
779 3283 882 3358 potest,
908 3282 960 3342 ssd
983 3281 1068 3342 debet
1090 3281 1184 3342 denuo
1206 3278 1414 3341 convalesoore.

256 3391 449 3470 Praeceptum
470 3409 538 3452 vero
560 3391 639 3453 idem
660 3391 738 3452 redit
759 3393 814 3452 sub
836 3391 925 3454 finem
948 3393 1052 3471 eapitis
1077 3392 1115 3452 12
1138 3391 1186 3466 (ol.
1200 3391 1290 3452 finem
1310 3410 1334 3452 o.
1352 3390 1414 3468 15).

256 3501 531 3581 Interpolationibus
559 3503 660 3564 eieotis
681 3501 786 3563 ultima
816 3535 856 3546 -
886 3504 1025 3578 medicus,
1057 3503 1112 3564 etsi
1142 3520 1196 3563 sue
1217 3505 1319 3580 sponte
1344 3504 1414 3563 anni

255 3615 386 3691 tompore
402 3613 544 3674 eontrario
563 3612 651 3674 homo
665 3611 864 3674 valetudinem
885 3615 991 3675 bonam
1012 3619 1173 3691 reeuperat
1194 3617 1293 3675 tamen
1315 3615 1414 3674 statim

256 3726 351 3804 potest
372 3741 474 3784 sanam
502 3757 543 3768 -
573 3727 602 3786 et
624 3727 711 3802 eaput
732 3725 840 3803 optime
861 3726 1018 3786 terminant
1041 3727 1070 3786 et
1090 3724 1235 3786 libellum.
1286 3726 1333 3786 Ad
1355 3727 1414 3786 dis·

256 3836 431 3914 positionem
454 3837 531 3896 enim
554 3837 624 3916 qnid
647 3837 748 3898 deest?
777 3837 848 3915 quid
870 3837 907 3897 ad
929 3837 1108 3898 doetrinam‘?
1152 3835 1257 3898 Omnia
1279 3838 1347 3897 sunt
1368 3853 1413 3896 ro-

255 3947 348 4008 tunda
371 3949 399 4008 et
419 3947 562 4025 perlaeta:
590 3945 730 4025 prologus
758 3945 881 4025 longior,
911 3965 978 4008 oum
1005 3949 1166 4008 eontrariae
1196 3948 1347 4026 opiniones
1368 3964 1414 4009 re-

255 4057 393 4119 futandae
416 4059 474 4118 sint
496 4059 533 4135 (e.
558 4058 662 4136 1-2),
685 4060 818 4120 traotatio
841 4057 880 4134 (ο.
903 4056 1010 4136 3-1),
1033 4054 1167 4137 epilogus
1189 4060 1287 4120 brevis
1310 4059 1348 4136 (o.
1371 4058 1412 4136 8).

257 4169 360 4247 Gapita
382 4169 473 4246 igitur
497 4168 579 4231 1-8
594 4187 687 4231 unum
709 4169 840 4232 elfioiunt
862 4187 934 4248 opus
956 4171 985 4231 et
1006 4171 1208 4248 integrum1);
1231 4172 1308 4250 quod
1326 4187 1414 4250 quam

344 4311 369 4377 1)
388 4310 420 4366 el.
437 4309 655 4366 Wilamorrituins
679 4311 707 4366 in
731 4309 800 4366 Phil
817 4310 879 4366 Unt
901 4310 915 4365 I
939 4327 965 4381 p.
981 4309 1016 4366 lo
1042 4309 1103 4367 adn.
1129 4310 1175 4382 qui
1197 4309 1266 4366 falso
1293 4310 1413 4368 libellum

255 4395 377 4450 nominat
393 4395 580 4466 fragmentum.
