3104 5018
731 252 944 319 ...30-

263 431 354 493 verba
449 421 472 504 τῖ
493 425 582 488 πλέον
604 419 625 504 ἢ
647 423 787 486 ἔλασσον·
809 417 861 495 τὰς
884 420 915 483 δὲ
938 417 1047 492 νόσους
1068 418 1187 502 παρέχει
1209 414 1261 489 τὰς
1282 415 1336 495 μὲν
1358 411 1422 477 eino

264 543 365 600 σιτίων
395 537 445 600 καὶ
468 543 569 598 ποτῶν
709 536 821 600 Versus
851 537 929 599 enim
952 535 1034 597 1-‘l
1069 552 1104 596 ex
1130 533 1183 596 illo
1204 536 1268 613 ipso
1299 533 1424 595 laesas
1543 503 1544 560 f

265 669 329 715 esso
351 655 477 732 apparet.
521 651 601 727 Quae
622 653 784 730 sequuntur
811 647 979 728 (ud-9),
1010 647 1098 728 capiti
1120 647 1161 711 24
1184 647 1331 710 debentur.
1375 643 1424 704 Ita
1543 647 1544 720 ξ

266 765 358 842 igitur
380 762 526 842 expleam:
550 753 625 820 εἶναι
647 758 679 820 ἒν
701 752 774 835 ἡμῖν
789 753 864 818 κατὰ
879 753 970 831 φύσιν
991 753 1023 818 sd
1043 749 1117 834 elec
1139 755 1346 834 χωρισθέντων
1361 756 1420 814 τῶν
1543 749 1544 808 j

266 876 399 952 ψυχρῶν,
422 866 504 953 παρὰ
524 867 617 947 φύσιν
638 868 670 930 δὲ
692 865 746 948 τὴν
768 869 809 941 εἰς
831 863 901 930 risse
918 869 1007 946 μῖξιν,
1030 872 1085 933 etsi
1105 889 1158 950 pre
1173 872 1299 947 ψυχρῶν
1320 869 1422 930 malim

265 1003 372 1066 ponere
394 985 496 1060 χυμῶν
526 987 577 1046 ant
598 983 695 1046 dmile
717 985 884 1064 quidquam.
927 982 985 1044 Sed
1014 999 1068 1044 nec
1095 981 1238 1062 reliquiae
1259 981 1422 1043 litterarum

268 1099 449 1159 coniecturae
463 1095 561 1157 meent
575 1098 604 1157 et
625 1096 752 1170 ψυχρῶν
766 1096 875 1156 rectius
889 1095 1012 1156 lemene
1026 1091 1144 1173 legitur,
1164 1094 1240 1174 qued
1255 1091 1429 1171 compilator

268 1209 363 1288 capite
385 1209 435 1270 illo
457 1207 523 1285 (24)
554 1209 714 1268 commotus
736 1207 842 1268 deinde
864 1205 1047 1284 φλεγματίαι
1069 1204 1171 1278 solam,
1193 1205 1245 1267 ubi
1266 1207 1428 1282 utrumque
1543 1255 1544 1270 ,

268 1337 400 1382 umorem
420 1321 615 1398 expectemus,
635 1319 774 1380 nominat
816 1316 993 1379 Menenium
1016 1317 1140 1396 denique
1162 1319 1207 1378 est
1226 1315 1295 1377 inde
1316 1331 1335 1376 a
1354 1331 1429 1376 voce

270 1424 316 1489 du
337 1434 492 1504 auctorem,
514 1433 547 1491 ut
569 1433 614 1492 cst
634 1430 719 1491 mede
740 1429 868 1507 pressior
880 1429 965 1490 medo
980 1429 1136 1502 verbosior,
1158 1445 1233 1508 quae
1255 1427 1431 1507 exposuerit

268 1545 407 1622 repetere.
451 1541 678 1603 accuratissime
706 1542 740 1602 ut
768 1539 892 1602 hennae
915 1539 1090 1618 expleantur,
1119 1540 1177 1600 nisi
1207 1541 1309 1618 papyri
1331 1538 1431 1617 ipsius

269 1671 323 1732 epe
344 1653 409 1714 lieri
430 1653 537 1731 nequit

358 1763 536 1843 Gempilator
558 1781 625 1841 orgo
648 1781 716 1824 cum
737 1761 925 1841 Hippocratis
948 1779 1012 1824 esse
1034 1783 1065 1820 τι.
1083 1755 1181 1820 νόσων
1202 1761 1219 1822 Ι
1241 1763 1271 1823 et
1291 1761 1335 1838 (τι.
1353 1751 1426 1832 edo.

271 1867 373 1951 α’νθρ.)
395 1874 479 1948 liet
503 1875 581 1948 dicit,
602 1873 679 1935 nihil
702 1875 780 1936 dicit.
830 1872 877 1935 Ne
906 1875 1010 1954 eapitis
1031 1873 1114 1935 illius
1136 1874 1256 1952 quidem
1277 1887 1429 1934 auctorem

271 1987 389 2048 scimus.
433 1988 481 2047 An
494 1990 592 2047 tammr
606 2003 664 2046 uon
677 1985 847 2048 nescimus?
884 2007 914 2043 τι.
933 1984 1047 2060 διαίτης
1066 1976 1112 2062 dp.
1127 1984 1263 2046 libellum
1276 1985 1315 2060 ¹),
1337 1999 1429 2062 quem

272 2115 325 2158 nes
348 2115 415 2158 eum
437 2097 581 2175 capitibus
603 2095 653 2170 IX,
667 2097 690 2157 ‘2
713 2099 742 2158 ot
766 2096 804 2158 13
827 2099 889 2158 arte
912 2097 1114 2168 conexuimus,
1141 2094 1269 2158 Galenus
1290 2094 1434 2174 plurimis

274 2208 520 2270 consentientibus
542 2209 592 2268 dat
612 2207 723 2287 Polybo
746 2207 778 2284 (l.
798 2227 822 2270 c.
844 2227 871 2286 p.
896 2207 972 2281 108;
997 2207 1071 2282 1733
1096 2207 1156 2270 175
1179 2201 1290 2265 καθότι
1312 2207 1432 2273 πολλοῖς

273 2317 369 2390 idedu
394 2317 470 2390 183;
494 2319 584 2397 a1a)l
629 2321 668 2380 At
689 2335 757 2398 spes
780 2321 824 2381 est
844 2337 933 2393 vana;
957 2337 1026 2380 nam
1049 2320 1145 2398 capita
1165 2318 1219 2380 illa
1242 2319 1297 2380 etsi
1319 2315 1434 2395 Hippe-

274 2431 362 2491 cratis
377 2430 498 2491 rationis
512 2429 601 2508 plena
615 2432 810 2509 agnoscimus,
832 2429 977 2509 Polybum
993 2433 1048 2493 etsi
1062 2447 1196 2493 socerum
1211 2433 1239 2492 et
1255 2429 1434 2508 magistrum

273 2544 408 2603 secutum
430 2559 503 2612 esse,
524 2542 558 2602 ut
578 2541 624 2602 ias
646 2543 698 2614 est,
720 2541 850 2604 Galenus
871 2545 1038 2622 perseverat
1067 2546 1106 2622 (p.
1131 2541 1273 2614 11-12;
1298 2537 1437 2619 passim),

274 2669 322 2713 mo
344 2654 408 2732 ipse
430 2653 485 2713 etsi
505 2651 578 2713 illuc
599 2652 742 2715 inclinare
764 2654 890 2716 libenter
914 2654 1019 2732 fateor,
1046 2655 1164 2733 probari
1192 2658 1290 2716 tamen
1311 2670 1359 2714 res
1379 2649 1434 2712 ad·

275 2762 335 2824 hec
357 2764 466 2841 nequit.
509 2763 629 2825 Utinam
651 2763 805 2843 aliquande
827 2765 933 2842 possiti

364 2872 556 2952 Reliquorum
571 2875 700 2952 capitum
723 2875 791 2952 (12;
815 2875 866 2956 15)
889 2878 925 2938 de
946 2877 1114 2939 auctoribus
1135 2875 1211 2938 nihil
1231 2875 1333 2949 habeo,
1355 2875 1436 2956 quod

277 2985 380 3058 dicem,
410 2985 468 3046 nisi
494 2983 615 3046 alterius
644 2987 811 3058 doctrinam,
840 3005 914 3066 quae
938 2987 1125 3068 Hippocratis
1153 2989 1184 3050 in
1211 2987 1435 3066 Epidemierum

277 3094 353 3158 libre
375 3095 391 3156 I
418 3097 446 3156 et
466 3097 498 3156 in
511 3077 704 3173 'Aphoriemis
725 3097 854 3176 prolatae
875 3097 963 3177 plane
991 3100 1179 3176 contradicat,
1207 3099 1393 3161 vehementer
1416 3115 1438 3158 a

279 3205 389 3269 (ialam
411 3207 571 3284 vituperari
593 3208 632 3285 (p.
657 3207 847 3285 167-173).

365 3316 445 3392 Quae
467 3333 535 3379 cum
556 3319 597 3378 ita
618 3319 691 3392 sint,
719 3321 846 3398 partium
875 3321 1058 3400 singularum
1087 3323 1313 3385 exauctoribus
1341 3337 1437 3382 unum

280 3427 377 3490 solum
401 3430 536 3490 norimus
554 3427 707 3507 Polybum,
729 3432 779 3510 qui
801 3433 905 3510 capitis
929 3432 1102 3510 11pertem
1124 3434 1283 3511 genuinam
1304 3432 1437 3511 scripsit;

279 3539 397 3599 nomina
427 3541 588 3601 ceterorum
617 3541 724 3620 ignota,
753 3559 811 3604 non
838 3545 910 3605 item
939 3545 1062 3606 obscura
1084 3545 1216 3618 duorum,
1245 3545 1296 3624 qui
1318 3560 1437 3606 ¹annum

280 3649 317 3710 ab
340 3649 438 3711 hieme
452 3651 609 3725 ordiantur,
630 3653 726 3730 patria
747 3656 793 3723 (τι.
811 3646 882 3725 odo.
899 3648 989 3731 ἄνθρ.
1007 3673 1031 3716 c.
1048 3654 1083 3728 'i;
1105 3676 1136 3713 τι.
1154 3653 1267 3731 διαίτης
1282 3646 1328 3734 dy.
1351 3673 1374 3715 c.
1391 3654 1435 3730 1).

280 3758 389 3822 Eorum
411 3762 503 3834 enim,
533 3763 639 3840 quibus
660 3763 758 3826 biems
778 3765 907 3842 primum
934 3767 1004 3827 anni
1033 3769 1149 3845 tempus
1178 3769 1251 3839 erat,
1280 3765 1368 3828 Iones
1389 3764 1441 3842 (ut

282 3869 349 3932 (ihil
372 3871 407 3932 ct.
428 3870 563 3933 Bischeil
582 3874 619 3935 do
640 3875 725 3936 iasbs
746 3892 842 3954 graec.
860 3877 950 3956 antiq.
971 3876 1102 3956 Leipzig.
1125 3875 1206 3940 suc
1228 3877 1288 3942 VII
1308 3895 1337 3956 p.
1359 3875 1435 3954 393)

281 3983 357 4055 suut,
379 3982 431 4060 qul
453 3983 579 4062 aprime
601 3989 667 4064 pest
686 3986 821 4048 brumam
843 4005 944 4050 mense
964 3989 1150 4068 incipiebant.
1192 3986 1229 4050 In
1244 3989 1328 4050 Ionia
1344 3989 1441 4068 igitur

281 4089 398 4154 libellos
419 4091 487 4154 illos
510 4097 587 4156 ortos
610 4112 674 4157 esse
696 4099 725 4158 et
745 4098 905 4161 verisimile
927 4101 956 4161 et
976 4116 1031 4178 par
1052 4102 1103 4162 est.

351 4257 378 4326 1)
395 4258 501 4315 Divinos
519 4277 585 4328 esee,
602 4261 648 4332 qui
665 4261 745 4318 hodie
762 4280 789 4316 τι.
809 4259 873 4330 ede.
892 4259 965 4332 c’obp.
987 4267 1016 4320 et
1032 4283 1058 4320 τι.
1075 4225 1176 4332 diciret
1194 4263 1235 4334 c‘p.
1251 4265 1443 4336 inscribuntur,

281 4343 365 4500 ἱίιριρρρ
380 4343 581 4500 ¹,abuExotiano
606 4345 729 4417 Ilbergue
762 4349 842 4418 putat
866 4347 1056 4421 impp-(ileon
1079 4349 1105 4407 d
1126 4350 1238 4407 menan
1262 4367 1288 4422 p.
1315 4351 1373 4410 lea
1407 4354 1442 4410 ot
