3104 5018
736 239 949 304 ..14-

261 413 338 490 Quiu
365 413 493 476 (belenum
522 413 582 475 iem
611 415 643 476 in
672 413 731 475 fluo
751 411 982 492 interpolationis
1015 415 1043 474 ot
1070 413 1155 475 initio
1190 411 1310 475 offendit
1340 413 1372 490 (l.
1396 431 1420 474 o.

259 543 287 604 p.
312 524 372 586 158
403 525 457 584 τοῦ
484 523 605 602 χωρίου,
637 517 773 601 δηλονότι
807 525 860 599 τῆς
888 515 1028 593 κύστεως.
1079 542 1108 604 p.
1140 522 1201 586 158
1233 523 1315 592 τίνας
1344 518 1420 602 λέγει
1525 541 1526 550 ³

260 628 331 705 τούς
354 627 432 694 οὕτω
455 631 659 710 διακειμένους
666 637 698 714 ,·).

347 745 519 826 capiti-13
547 765 641 828 porro,
668 747 701 808 in
730 763 786 826 quo
816 751 920 825 querte
950 745 987 806 de
1016 746 1127 808 morbis
1157 747 1294 808 curandis
1324 747 1421 825 opinio

262 859 361 932 exstet,
390 859 479 920 verbe
506 850 561 933 τήν
591 853 623 916 δὲ
653 855 733 933 ίησιν
754 851 810 934 χρὴ
833 863 987 920 ττοιεῖσθαι
1010 849 1103 916 odolo
1132 849 1356 933 ἐναντιούμενον
1384 858 1421 940 τῇ

260 963 410 1048 προφάσει
431 973 483 1046 τῆς
504 964 597 1029 νόσου
626 971 659 1030 in
689 970 860 1032 memoriam
891 972 1029 1034 reumont
1056 971 1161 1048 ospitis
1191 968 1283 1044 nte
1316 970 1418 1031 eedem

261 1075 316 1156 τήν
330 1080 495 1158 θεραπείην
517 1073 572 1156 χρὴ
595 1084 750 1140 ποιεῖσθαι
765 1076 1000 1158 Ιἐναντιούμενον
1021 1082 1058 1165 τῇ
1074 1074 1226 1158 προφάσει
1243 1081 1297 1156 τῆς
1318 1073 1412 1138 νόσου

262 1185 361 1268 ὥσπερ
384 1213 435 1267 μοι
458 1189 626 1267 πέφρασται
647 1189 698 1250 καί
721 1189 853 1270 ἑτέρωθι.
896 1193 1060 1274 Utrumque
1082 1193 1179 1254 looum
1202 1193 1334 1255 eiusdem
1349 1209 1420 1265 esse,

261 1305 328 1384 quis
350 1308 401 1378 est,
423 1321 510 1384 quom
531 1304 646 1384 fugiet?

347 1415 388 1478 Ut
408 1433 478 1477 voro
500 1415 730 1494 interpolationis
751 1417 783 1476 in
805 1433 865 1494 nep.
884 1416 922 1478 12
937 1415 1032 1478 foebo
1047 1417 1155 1489 auster,
1177 1416 1219 1476 ite
1234 1415 1285 1494 qui
1300 1432 1362 1494 oep.
1379 1414 1418 1476 14

262 1504 431 1606 oomposuit,
453 1527 490 1588 de
511 1528 627 1588 rosione
648 1526 758 1588 morbis
780 1526 907 1598 disserit,
929 1527 981 1588 sed
1003 1527 1054 1600 sio,
1077 1528 1110 1588 ut
1130 1525 1239 1588 vinouli
1258 1527 1418 1606 quidquem

261 1637 339 1699 inter
361 1655 409 1698 eos
431 1655 489 1698 non
512 1640 708 1716 ooguosoetur.

347 1748 488 1810 liobrlum
505 1749 611 1810 deinde
626 1750 762 1828 quattuor
775 1764 884 1826 genere
899 1750 1120 1810 enumerentur:
1142 1741 1268 1824 σύνοχας
1283 1739 1417 1823 ἀμφημε-

263 1851 345 1938 ρινός
363 1863 495 1935 τριταῖος
517 1863 694 1935 τεταρταῖος,
718 1877 794 1939 quoe
817 1858 908 1922 ebilo
923 1862 985 1921 orte
1007 1862 1111 1933 omnin,
1133 1862 1219 1939 prout
1239 1859 1346 1922 humor
1365 1858 1418 1921 illo

262 1973 402 2032 melonem
432 1973 483 2032 eut
511 1972 652 2032 minorem
681 1971 770 2032 hebet
799 1972 867 2048 vim,
898 1969 1022 2033 oolerlus
1052 1973 1103 2032 eut
1130 1973 1243 2032 tordius
1270 1969 1418 2032 tolluntur.

263 2081 368 2160 linque
390 2099 457 2143 oum
479 2083 577 2144 verbis
599 2083 638 2161 (p.
662 2081 711 2156 68,
727 2081 760 2160 3)
783 2082 968 2160 προσγίνεται
993 2077 1025 2140 δὲ
1047 2076 1180 2140 αὐτοῖσιν
1202 2075 1262 2142 olore*
1284 2081 1419 2156 μελαίνης

263 2194 351 2268 χολῆς
373 2186 404 2250 td
440 2185 579 2265 περισσὸν
608 2195 695 2252 τοῦτο
725 2189 776 2251 καί
807 2187 1052 2251 δυσαπάλλακτον
1081 2193 1152 2256 bilis
1180 2196 1243 2255 birli
1273 2196 1302 2256 et
1331 2193 1419 2255 (reteri

265 2305 390 2382 eorporis
412 2303 551 2366 humores
578 2305 650 2382 (τῶν
672 2301 703 2363 ἐν
726 2305 766 2384 τῷ
790 2297 903 2378 σώματι
926 2299 1068 2363 ἐνεόντων
1089 2307 1204 2382 χυμῶν)
1232 2307 1418 2381 indueretur,

263 2433 322 2477 non
350 2417 448 2494 inepte
476 2417 565 2478 finem
594 2433 697 2478 rursus
732 2419 832 2496 posteo
861 2417 992 2478 edditum
1023 2433 1088 2478 osso
1116 2417 1322 2495 euspioeberis,
1351 2432 1419 2477 nem

262 2526 388 2588 febrium
411 2528 556 2588 dootriuee
578 2530 678 2588 euotor
704 2527 781 2588 nihil
802 2527 959 2589 humorum
980 2529 1062 2589 novit
1090 2529 1148 2589 nisi
1177 2528 1247 2589 bilis
1273 2530 1325 2590 eut
1352 2527 1419 2607 plus

263 2640 314 2700 ent
323 2639 429 2699 miuus.
473 2637 553 2714 Quae
569 2639 665 2717 opinio
681 2655 768 2718 quem
783 2637 908 2718 pulohro
923 2639 1116 2713 oonfirmotur,
1130 2642 1231 2718 posteo
1245 2640 1418 2701 videbimus.

348 2749 483 2810 Proxime
505 2751 608 2828 sopito,
629 2751 661 2810 iu
683 2751 808 2811 editione
824 2750 928 2812 bittrei
943 2771 972 2828 π.
996 2748 1111 2826 διαίτης
1125 2743 1257 2828 ὑγιεινῆς
1278 2752 1420 2830 inseripte

267 2859 348 2922 1—'7
370 2877 430 2922 uuo
451 2864 519 2922 suut
539 2861 690 2922 trootende
712 2862 742 2922 et
767 2877 874 2922 nomen
902 2859 979 2922 illud
1008 2877 1061 2923 suo
1091 2865 1198 2940 gerunt
1225 2863 1297 2924 iure.
1338 2861 1421 2924 Seite

266 2973 344 3034 enim
373 2971 541 3052 molientur,
572 2973 714 3051 quomodo
737 2973 861 3034 dirersis
893 2975 921 3034 ot
949 2973 1019 3033 enni
1048 2975 1076 3034 et
1106 2975 1210 3034 notetis
1239 2975 1419 3052 temporibus

266 3075 352 3160 (ὅρη,
374 3073 486 3160 ἡλικίη)
508 3082 649 3156 hominos,
678 3100 882 3163 quameunque
904 3082 1014 3145 hebent
1035 3086 1163 3161 eorporis
1185 3085 1420 3147 oonstitutionom

267 3196 296 3256 ot
324 3197 458 3255 neturem
482 3185 596 3272 (εἶδος),
626 3195 725 3256 virere
756 3195 895 3269 debeeut,
930 3196 964 3256 ut
992 3195 1069 3256 bone
1097 3193 1263 3257 valetudine
1292 3197 1419 3258 utentur.

265 3306 343 3367 Anni
372 3321 440 3383 ergo
469 3307 640 3384 temporum,
669 3307 780 3379 eotetis,
811 3311 932 3367 neturus
962 3323 1079 3384 sempor
1107 3307 1181 3368 retio
1210 3307 1346 3368 debendo
1376 3309 1421 3368 ost

266 3417 302 3492 (o.
328 3415 346 3476 2
375 3413 422 3473 δεῖ
447 3403 502 3474 οὖν
530 3409 606 3496 ττρδς
627 3409 682 3492 τὴν
703 3407 821 3492 ἡλικίην
849 3411 900 3474 καί
922 3409 976 3491 τήν
1007 3409 1090 3494 ὥρην
1123 3413 1184 3494 [καί
1208 3408 1240 3476 τδ
1272 3413 1419 3486 δθοςκαί

266 3519 321 3601 τὴν
351 3520 451 3604 χώρην
487 3525 514 3588 R
543 3545 598 3589 om.
627 3527 666 3606 A]
707 3523 758 3586 καὶ
788 3520 824 3584 τοί
855 3525 934 3585 eldea
965 3521 1002 3586 nol
1034 3521 1211 3603 διαιτήματα
1239 3529 1418 3607 ποιεῖσθαι),

266 3639 365 3718 iteque
387 3637 526 3700 elimeute
546 3641 597 3701 eut
609 3638 740 3701 tollendo
754 3639 806 3700 out
820 3639 952 3701 eddeudo
968 3641 1036 3700 sunt
1049 3639 1189 3701 muteude
1211 3635 1420 3717 (προστιθέναι

267 3783 310 3794 -
332 3741 494 3828 ἀφαιρεῖν).
538 3749 624 3824 Eoos,
654 3751 758 3829 ospitis
779 3750 847 3811 noui
871 3749 932 3825 (IX,
955 3750 986 3826 2)
1017 3751 1186 3812 memineris
1216 3753 1245 3812 ot
1264 3751 1420 3812 verborum

267 3859 315 3920 δεῖ
327 3909 333 3922 .
349 3909 356 3922 .
372 3908 379 3922 .
394 3907 401 3923 .
416 3853 470 3935 τὴν
500 3860 663 3937 θεραπείην
693 3863 847 3919 ποιεῖσθαι
879 3854 916 3918 τοί
939 3855 992 3936 μὲν
1014 3852 1197 3940 σίφαιρέοντα
1219 3853 1255 3918 τοί
1278 3854 1310 3918 δὲ
1328 3877 1419 3938 ττροσ-

269 3967 398 4044 τιθέντα,
422 3964 520 4045 σ’ίσττερ
543 3992 594 4046 μοι
616 3968 666 4030 καὶ
682 3963 775 4030 ττσίλαι
793 3969 915 4050 είρηται,
940 3965 1016 4049 τιρδς
1031 3968 1138 4030 ἕκαστα
1152 3973 1212 4030 τῶν
1225 3963 1348 4047 ἡλικιῶν
1369 3969 1419 4031 καί

268 4085 328 4142 τῶν
350 4074 451 4160 ω’ρίων
478 4079 611 4142 καὶτῶν
642 4079 743 4142 είδίων
759 4131 765 4146 .
781 4129 810 4146 ..
835 4079 866 4143 ἐν
896 4085 931 4166 τῇ
954 4080 1062 4167 διαίτη.
1106 4085 1189 4146 Idem
1215 4101 1311 4146 nonne
1339 4083 1419 4164 loqui

268 4195 401 4258 ridetur?

353 4305 413 4368 Sed
442 4307 537 4385 oepite
566 4308 622 4370 duo
649 4305 754 4369 ultime
785 4307 831 4370 illi
860 4308 1055 4370 obludioende
1084 4310 1153 4370 sunt
1180 4308 1229 4384 (oi.
1262 4307 1324 4371 (tel
1354 4307 1374 4370 l.
1396 4325 1418 4368 o
