3104 5018
730 241 944 306 „15-

259 417 436 490 auctoribus,
458 431 534 494 quae
554 431 613 476 una
635 431 713 476 nono
734 413 879 492 leguntur,
902 413 1052 487 debentur,
1083 414 1182 474 tamen
1204 413 1335 474 eiusdem
1356 413 1416 474 riri

259 525 402 590 librorum
430 525 571 605 reliquias
600 541 709 605 pancas
738 523 808 586 licet
836 525 921 586 nobis
951 541 1133 603 cognoscere.
1175 521 1254 586 Nam
1282 525 1361 602 qnod
1381 525 1416 584 in

260 639 365 716 capitis
391 639 461 700 noni
482 636 574 698 altera
602 640 685 716 parte
715 635 777 713 (IX,
801 635 833 714 2)
866 636 913 697 bis
943 633 995 696 alii
1027 635 1159 698 oinsdem
1187 635 1314 696 auctoris
1342 633 1415 696 libri

260 750 392 821 citantur,
425 765 459 812 ee
487 749 523 810 do
552 765 640 809 eausa
668 746 748 808 locos
779 745 846 808 illos
867 748 988 808 attactos
1008 747 1028 808 i.
1051 763 1075 808 e.
1098 749 1185 826 eaput
1208 745 1247 807 13
1270 780 1311 790 -
1334 745 1414 824 qnod

258 859 320 922 fort.
343 877 409 921 eum
434 860 472 921 10
492 858 629 920 cohaeret
653 893 690 902 -
715 860 744 920 et
765 879 795 918 π.
819 855 934 931 διαίτης
957 848 1002 935 dy.
1024 857 1158 920 libellum
1181 875 1245 919 osse
1268 857 1413 918 exhibitos

258 989 277 1032 a
306 970 493 1050 compilatore
525 972 635 1032 certum
664 969 738 1030 mihi
767 971 890 1032 ridetur.
934 968 1075 1031 Eiusdem
1108 985 1177 1048 orgo
1207 987 1271 1030 esso
1300 969 1412 1030 conicio

258 1084 355 1161 eapite
376 1081 425 1158 IX,
449 1082 484 1153 23
517 1080 556 1142 13
580 1081 655 1158 (fort
681 1081 751 1159 10);
782 1102 812 1138 π.
835 1079 950 1155 διαίτης
971 1071 1016 1158 dp.
1029 1081 1068 1159 1).
1112 1079 1157 1142 Do
1178 1081 1265 1142 urina
1286 1081 1412 1159 deniqne

258 1196 345 1271 caput
367 1191 436 1270 (14)
460 1191 675 1272 compilatorem
697 1193 795 1270 ipsum
817 1210 853 1254 ex
874 1191 1059 1272 Apborismis
1087 1191 1235 1253 nonnullis
1267 1189 1411 1270 congluti-

256 1321 343 1366 nasse
372 1303 522 1383 probabile
552 1307 596 1366 est
618 1304 655 1380 (o.
680 1303 720 1364 14
741 1331 784 1354 =
805 1303 906 1382 Apbor
926 1303 978 1377 IV,
1007 1303 1133 1365 'ib—'78
1165 1303 1198 1364 ot
1222 1302 1270 1364 79.
1303 1319 1351 1364 ros
1372 1319 1410 1364 no

258 1413 402 1476 Galonum
424 1416 542 1494 quidem
563 1415 640 1493 fugit
661 1415 680 1476 1.
703 1433 727 1476 o.
749 1433 777 1494 p.
802 1413 926 1476 rer-s
949 1420 1001 1476 ant
1022 1413 1189 1493 Littrenmt

343 1517 505 1600 ὑπόμνημα
527 1525 586 1587 tale
609 1527 646 1586 ad
667 1543 755 1587 usum
775 1527 934 1604 proprium,
962 1543 1019 1587 non
1041 1527 1080 1587 ad
1102 1526 1258 1588 editionem
1281 1525 1411 1587 destina-

186 1663 191 1674 ·
255 1640 318 1698 turn
349 1640 401 1698 est.
445 1635 503 1698 Sed
532 1639 558 1698 si
586 1636 791 1715 pervulgatum
819 1641 917 1698 tamen
945 1639 1046 1716 itaque
1075 1638 1161 1699 nobis
1182 1638 1321 1699 traditum
1344 1654 1410 1699 esse

255 1750 364 1808 mirum
386 1749 526 1817 videatur.
549 1765 600 1809 cnr
622 1747 731 1810 fantum
753 1750 799 1820 sit,
821 1751 921 1826 aperta
944 1765 1039 1810 cansa.
1084 1747 1164 1824 Ques
1187 1749 1265 1810 enim
1288 1748 1410 1810 collecta

256 1863 339 1932 sont,
369 1860 488 1920 maximi
523 1862 613 1931 orant,
644 1863 677 1920 nt
709 1859 880 1932 ridebimus,
910 1861 1066 1932 momenti:
1104 1878 1139 1922 er
1167 1861 1275 1941 quibus
1303 1859 1409 1922 hausta

254 1973 345 2044 amnt,
377 1971 445 2032 libri
467 1971 589 2049 porditi3
620 1971 671 2049 qni
694 1969 818 2048 collegit,
846 1989 904 2032 non
926 1970 1022 2032 solum
1044 1973 1205 2049 composuit
1226 1989 1273 2032 res
1295 1974 1409 2034 eontra-

254 2082 322 2154 rias,
345 2083 397 2142 sod
419 2083 538 2142 conatus
560 2084 604 2142 est
626 2083 714 2143 etiam
735 2079 932 2160 aliquomodo
948 2099 1048 2144 omnes
1071 2085 1232 2156 contexere3
1256 2092 1284 2144 et
1306 2082 1409 2152 offecit

253 2203 287 2254 ut
304 2191 420 2264 multos,
443 2195 494 2271 qui
508 2191 626 2265 librum,
648 2210 705 2254 non
720 2183 883 2266 ὑπόμνημα
897 2193 995 2271 legere
1009 2211 1075 2255 sese
1089 2196 1232 2274 putarent,
1255 2195 1408 2272 deciperet

255 2303 347 2365 Venio
368 2304 460 2382 igitur
481 2305 518 2364 ad
539 2303 785 2382 interpolationes,
815 2322 888 2383 quas
909 2305 1119 2383 perspeximus,
1152 2308 1180 2366 et
1201 2306 1406 2368 additamenta.

340 2413 469 2489 Quorum
491 2417 547 2476 duo
569 2433 677 2493 genera
699 2418 767 2477 runt
795 2417 1010 2494 cognoscenda:
1042 2433 1133 2477 unum
1155 2433 1210 2495 qno
1233 2415 1344 2478 librum
1375 2437 1405 2480 π.

254 2519 326 2596 φύσ.
350 2517 438 2601 rivio.
462 2543 529 2586 oum
550 2527 690 2604 proximis
712 2528 876 2606 coniungat,
902 2526 1028 2589 alterum
1050 2545 1106 2608 qno
1129 2527 1234 2590 alienis
1256 2529 1407 2590 sententiis

254 2637 341 2698 addet
370 2635 483 2715 aliquid
509 2638 570 2698 sire
601 2639 647 2698 sui
679 2638 741 2698 sive
771 2655 873 2700 rursus
905 2637 1038 2700 eliorum.
1081 2638 1169 2700 Illius
1200 2640 1268 2700 sunt
1289 2639 1406 2700 initium

254 2749 358 2826 capitis
380 2749 465 2808 noni:
502 2744 610 2806 εἰδέναι
633 2745 665 2805 δὲ
688 2742 742 2824 χρὴ
776 2746 824 2806 nai
856 2743 925 2806 τάδε
955 2744 1032 2826 πρός
1059 2749 1213 2808 έκείναισιν
1243 2761 1271 2811 et
1303 2751 1405 2828 capitis

253 2860 349 2920 octavi
368 2857 613 2936 interpolationes,
635 2877 759 2938 qnorum
780 2878 840 2922 una
861 2879 928 2922 oum
950 2863 988 2922 ad
1010 2862 1115 2940 capitis
1132 2861 1170 2921 12
1186 2861 1276 2922 finem
1296 2863 1406 2938 spectet

254 2961 325 3046 (ὅσα
348 2963 389 3045 μὴ
413 2966 445 3028 έν
466 2964 596 3050 περιόδῳ
617 2962 751 3046 ἡμερέων
774 2965 1004 3030 ἀπαλλάσσεται·
1031 2965 1085 3045 τὴν
1108 2967 1139 3030 bt
1161 2969 1300 3046 περίοδον
1324 2958 1406 3039 αὖτις

253 3073 360 3157 φράσω
383 3081 441 3137 τῶν
463 3071 617 3160 ἡμερέων),
647 3081 767 3144 alterius
789 3084 879 3145 verba
900 3079 932 3161 (ὅ
954 3105 982 3142 τι
1004 3077 1030 3142 δ’
1053 3075 1092 3142 α’ἶν
1114 3079 1166 3151 ταὶς
1189 3077 1268 3159 α’έρας
1298 3076 1405 3152 ταύτας

252 3182 420 3272 ὑπερβάλλῃ
443 3185 566 3266 νόσημα,
589 3189 695 3251 εἰδέναι
716 3187 772 3269 χρὴ
795 3188 944 3254 ἐνιαύσιον
968 3189 1123 3274 ἐσόμενον)
1145 3195 1196 3257 illo
1217 3196 1280 3274 ipso
1304 3212 1320 3255 0
1343 3193 1404 3256 1000

252 3303 369 3381 sumpta
390 3304 459 3364 sunt
480 3302 518 3379 (0.
543 3303 582 3364 12
604 3304 653 3365 fin.
676 3295 767 3383 ὑγιεῖς
794 3299 826 3364 δέ
848 3305 976 3382 γίνονται
999 3299 1162 3380 αὐτόματοι
1185 3302 1215 3364 οἱ
1235 3299 1315 3363 οὕτω
1339 3304 1404 3364 δια-

251 3413 397 3488 κείμενοι,
425 3414 553 3471 πλεῖσιοι
583 3408 637 3488 μέν
668 3411 699 3472 έν
730 3417 766 3498 τῇ
797 3407 870 3498 α’έρρ,
902 3402 921 3498 ᾖ
952 3409 989 3473 iio
1019 3408 1165 3493 ἅρχωνται
1195 3407 1348 3496 (ἔρχονται
1377 3417 1404 3476 Α

252 3515 394 3599 ἄρξωνται
416 3521 454 3600 R)
476 3515 622 3597 τήκεσθαι
645 3525 684 3603 (R
705 3543 760 3587 om.
782 3527 821 3603 A)
847 3525 932 3586 πέντε
954 3524 1005 3586 καὶ
1027 3521 1246 3605 τεσσαράκοντα
1268 3517 1403 3602 ἡμερέων

252 3633 329 3711 (Gal.
344 3633 379 3695 cf.
394 3633 454 3708 XV,
478 3635 547 3697 160.
570 3634 591 3712 β
612 3655 643 3694 τε
664 3634 715 3694 καὶ
738 3660 767 3711 μ.
788 3639 814 3700 Δ
837 3635 921 3697 πέντε
943 3636 993 3698 καλ
1017 3632 1327 3714 τεσσαρακονθήμεραι
1350 3637 1401 3709 Β)

251 3737 318 3802 ὅσοι
339 3736 365 3800 δ’
387 3737 425 3802 bb
447 3738 501 3820 τὴν
524 3739 607 3823 α’)’ρην
633 3741 743 3824 ταύτην
773 3730 994 3826 ὑπερβάλλωσιν
1028 3749 1066 3824 (R
1089 3741 1165 3808 αἷσιν
1189 3793 1195 3807 .
1220 3795 1227 3809 .
1252 3791 1259 3806 .
1284 3792 1290 3806 .
1314 3739 1402 3824 ὕπερ-

251 3849 351 3931 βάλλοι
380 3857 433 3930 (so.
463 3850 593 3936 νόσημα)
623 3861 650 3920 Α
678 3859 786 3922 molius
816 3860 892 3937 fort.)
923 3859 1049 3942 ἐνιαυτῷ
1080 3851 1264 3938 [αὐτόμαται]
1299 3850 1403 3938 [byrris

250 3967 379 4046 γίνονται
401 3967 428 4028 Β
449 3985 503 4029 om.
525 3969 571 4046 Α),
593 3962 631 4046 ἢν
653 3965 694 4046 μή
717 3993 744 4030 τι
766 3965 833 4030 ἄλλα
857 3974 1058 4050 κακουργὴται
1082 3963 1099 4030 o‘
1122 3965 1309 4048 ἅνθρωπος).

337 4153 363 4219 1)
381 4151 531 4208 Similitudo
547 4152 596 4208 illa
612 4152 729 4209 locorum
755 4158 798 4210 est
820 4171 959 4211 causarum
981 4171 1042 4221 nna,
1067 4172 1114 4212 our
1130 4154 1307 4211 lirmerinsins
1324 4155 1401 4226 putet

251 4235 432 4308 „probabilius
450 4253 508 4292 erse
525 4254 574 4294 nos
591 4237 619 4294 in
635 4238 678 4294 his
695 4240 817 4296 omnibns
834 4241 934 4297 babere
952 4241 1072 4298 membra
1090 4241 1202 4298 disiecta
1219 4241 1297 4296 nnius
1316 4240 1401 4294 enine·

246 4323 311 4378 darn
329 4321 416 4392 operis
434 4322 561 4393 antiquit
594 4324 630 4391 11,
646 4323 752 4380 XLVII.
