3104 5018
750 261 962 327 „32-

755 687 757 692 1
784 558 927 684 ulit.

368 870 463 934 Natus
484 887 552 932 snm
574 870 694 934 Carolus
716 871 840 932 Ioannes
861 869 1005 932 Fredrich
1027 868 1127 933 Sodini
1149 887 1224 931 anno
1246 869 1275 930 h.
1298 888 1320 932 s.
1343 869 1439 930 LXXI

276 983 331 1044 die
352 984 491 1045 vicesimo
514 973 623 1044 mensis
644 981 700 1043 Iul.
723 985 805 1060 patre
824 983 935 1044 Ioanne
958 981 1116 1044 Gottiriedo
1145 985 1213 1042 onte
1235 981 1288 1042 hos
1309 981 1438 1042 sedecim

276 1111 374 1155 annos
392 1097 576 1172 praematura
598 1097 688 1154 morte
710 1093 784 1154 mibi
805 1101 912 1170 erepto,
934 1097 1026 1154 matre
1041 1091 1140 1155 Ottilie
1164 1111 1179 1154 o
1201 1095 1287 1170 gente
1309 1091 1438 1155 Sobocn-
1545 1095 1546 1166 J

269 1204 363 1277 isidi,
386 1223 472 1284 quam
495 1205 592 1266 adhuc
605 1207 637 1266 in
652 1205 728 1266 ciris
743 1219 807 1266 esse
823 1221 998 1284 magnopere
1013 1205 1132 1282 gaudeo.
1170 1203 1253 1266 Fidei
1274 1203 1439 1282 ausenptus
1545 1177 1546 1260 s

276 1334 349 1376 -sum
372 1315 564 1394 evangelicae.

368 1425 477 1487 Primis
506 1428 611 1488 litteris
639 1427 769 1488 imbutus
798 1427 985 1505 gymnasium
1010 1425 1187 1504 municipale
1215 1427 1327 1504 patriae
1356 1426 1440 1486 urbis

276 1536 472 1615 frequentavi,
505 1539 581 1616 quod
614 1538 736 1598 florebat
764 1541 827 1600 tam
858 1540 886 1600 et
916 1553 993 1598 nuno
1024 1537 1107 1598 floret
1135 1538 1275 1616 auspiciis
1305 1535 1440 1614 Hugonis

284 1647 421 1720 Lemoke,
451 1650 499 1710 oui
519 1649 700 1726 praeceptori
722 1639 913 1710 dilectissimo
936 1651 964 1710 et
985 1649 1047 1711 viro
1076 1648 1288 1710 humanissimo
1309 1648 1440 1726 permnl-

275 1762 346 1819 tum
369 1777 416 1820 me
438 1760 546 1820 debere
567 1758 692 1820 libenter
721 1759 864 1838 profiteor.
913 1759 991 1820 Vere
1012 1760 1081 1820 anni
1107 1759 1235 1820 Lxxxx
1264 1760 1441 1820 maturitatis

278 1873 483 1932 testimoninm
505 1872 629 1950 adeptus
652 1869 818 1949 Gottingam
841 1889 889 1932 me
919 1871 1034 1942 contuli,
1066 1874 1099 1932 ut
1126 1871 1232 1932 studiis
1251 1847 1442 1950 ‘philologieis

278 1985 313 2041 et
335 1980 483 2043 historicis
505 1999 621 2060 operam
644 1983 751 2044 darem.

368 2091 424 2152 Per
445 2097 507 2154 octo
530 2095 682 2154 semestrie
704 2094 863 2154 docuerunt
884 2111 931 2154 me
954 2093 1008 2154 viri
1031 2093 1191 2156 doctissimi
1215 2091 1344 2168 Beohtol,
1370 2090 1439 2152 Dil-

278 2201 362 2280 they‚
385 2203 508 2276 Gcrcke,
531 2205 640 2281 Hayne
666 2204 844 2265 Kluokbohn
866 2207 893 2280 t,
918 2204 987 2276 Leo,
1016 2204 1050 2268 G.
1074 2203 1106 2264 u.
1128 2204 1244 2276 Mulier,
1273 2203 1387 2282 Sauppe
1409 2205 1440 2279 †,

282 2313 494 2392 'Volquerdsem
516 2315 659 2388 Weiland
683 2317 718 2376 de
740 2315 1145 2378 witemowiu-Mosuenuort.

371 2424 458 2503 Regii
472 2425 686 2505 philologornm
701 2428 903 2506 proseminarii
919 2426 1026 2490 sodalis
1041 2426 1084 2488 lui
1101 2445 1155 2504 per
1176 2429 1220 2488 ter
1241 2445 1292 2490 sex
1313 2443 1440 2498 menses,

278 2538 434 2597 :seminarii
458 2556 511 2616 per
540 2539 616 2598 idem
646 2541 763 2616 tempus
792 2537 900 2600 sodalis
926 2538 1098 2607 ordinarius,
1130 2538 1279 2598 seminarii
1302 2535 1442 2598 aroheeo·

280 2646 381 2724 logici,
404 2653 520 2709 auctore
537 2648 640 2710 Oarolo
656 2648 776 2728 Dilthey
791 2650 923 2721 redivivi,
946 2665 1106 2727 perunum
1129 2648 1225 2709 adhuc
1247 2651 1350 2708 senior.
1394 2648 1443 2708 Ad

279 2760 505 2820 exercitationes
528 2759 733 2838 epigraphioas
749 2747 790 2821 'de
813 2760 1013 2832 Wilamowitu‚
1042 2759 1236 2837 philologicos
1258 2759 1327 2833 Leo,
1349 2757 1443 2818 bisto-

282 2870 363 2930 ricas
385 2869 572 2944 Kluekhobu,
594 2870 807 2950 Volquardeen,
828 2870 971 2943 Weiland
994 2871 1229 2949 arebeeologioas
1248 2869 1367 2946 Dilthoy
1389 2870 1443 2930 be·

280 2982 375 3058 migne
396 2997 444 3042 me
465 2982 652 3043 admiserunt

372 3090 484 3166 Quibus
508 3094 578 3153 viris
600 3093 735 3155 omnibus
757 3095 867 3171 gratias
888 3093 981 3154 refero
1004 3109 1093 3172 quem
1114 3094 1270 3164 maximas,
1300 3109 1370 3169 prae
1393 3107 1442 3151 ce·

278 3203 356 3262 teris
378 3219 446 3263 vero
469 3202 569 3264 carolo
592 3202 721 3281 Dilthey‚
752 3205 799 3265 cui
822 3222 922 3264 museo
944 3203 1164 3282 ercheeologioc
1186 3203 1363 3282 praesidenti
1385 3201 1444 3264 trin

288 3314 348 3374 iam
378 3315 531 3375 semestris
563 3316 698 3376 assistere
730 3314 806 3374 mihi
836 3315 913 3387 licet,
948 3318 976 3376 et
1004 3313 1143 3376 Udalrico
1173 3315 1209 3376 de
1238 3313 1444 3385 Wilamowitu,
1547 3363 1548 3368 ,

279 3441 411 3502 qnorum
427 3427 534 3504 quanta
555 3425 623 3486 inde
645 3427 839 3486 astudiorum
861 3427 953 3487 initiis
976 3443 1045 3503 erga
1067 3443 1114 3486 me
1134 3425 1222 3487 fuerit
1239 3422 1446 3485 benevolentia

284 3537 321 3596 et
331 3533 501 3609 liberalitas,
524 3552 608 3596 nemo
624 3537 682 3597 nisi
698 3538 834 3615 equidem
851 3554 971 3615 possum
987 3537 1149 3609 aestimare,
1172 3535 1336 3614 quibusque
1359 3536 1447 3614 pium

281 3648 317 3706 et
340 3650 456 3724 gratum
479 3649 610 3708 animum
632 3665 747 3726 semper
768 3648 889 3710 servabo
910 3650 997 3726 atque
1019 3647 1156 3708 retinebo.

539 4423 704 4462 Frommannsctre
718 4422 872 4462 Bucbdruckcret
886 4419 1023 4474 (Hermann
1037 4422 1127 4473 Pohle)
1140 4421 1196 4462 iona.
