3104 5018
606 239 822 304 ..13-

128 401 183 469 τόν
205 410 319 486 σπλῆνα
342 404 391 468 καλ
414 405 443 480 ἐς
464 402 519 470 τόν
539 402 660 488 νεφρόν,
682 401 703 487 ἦ
724 405 756 469 at
772 403 831 470 όπό
848 411 908 470 τῶν
923 403 1084 491 ἀριστερῶν
1106 408 1136 483 ἐς
1158 405 1194 471 τῶ
1210 406 1292 483 δεξιολ

130 519 163 579 ἐκ
187 523 240 580 τοῦ
262 517 428 596 πλεύμονος
449 511 510 580 όπό
538 523 568 600 ¹)
591 513 643 580 τόν
666 515 756 596 μαζόν
779 519 809 591 ἐς
831 515 864 581 τό
880 508 962 601 ἧπαρ
978 519 1027 582 καλ
1049 520 1080 593 ἐς
1094 517 1146 583 τόν
1162 519 1291 602 νεφρόν·

130 635 283 692 τελευτῶσι
306 627 338 691 δὲ
360 629 390 702 ἐς
413 625 464 692 τόν
487 623 577 712 όρχόν
599 619 687 693 αὗται
709 627 884 711 ἀμφότεραι.

136 785 139 792 .
218 742 251 802 αἱ
287 739 319 804 δὲ
348 741 483 822 τέταρται
514 739 575 804 σἰπδ
615 747 669 806 τοῦ
701 742 874 822 ἔμπροσθεν
905 748 957 822 τῆς
990 744 1122 820 κεφαλῆς
1151 742 1200 804 καλ
1231 747 1291 804 τῶν

128 853 301 934 ὀφθαλμῶν
323 848 384 916 όπό
414 849 467 916 τόν
489 848 597 933 αόχένα
619 853 669 916 καλ
691 850 744 927 τῶς
766 856 901 932 κληίδας,
933 855 1032 916 ἔπειτα
1055 851 1088 914 δὲ
1110 849 1203 934 διολλ)
1233 857 1291 916 τῶν

131 963 301 1048 βραχιόνων
323 960 445 1028 ionae»
467 964 497 1038 ἐς
510 969 540 1046 ¹)
566 961 619 1038 τῶς
641 961 827 1047 συγκαμπός,
860 965 1000 1048 ἔπειταί)
1022 961 1072 1026 διό
1095 969 1154 1026 τῶν
1176 961 1291 1045 πήχεων

130 1079 181 1140 καλ
208 1080 238 1150 ἐς
259 1075 330 1150 τοός
352 1072 490 1156 καρποός
512 1075 563 1138 καλ
579 1073 648 1149 τοός
663 1073 838 1150 δακτόλους,
862 1077 962 1138 ἔπειτα
977 1072 1039 1138 τἰπό
1062 1080 1122 1138 τῶν
1137 1071 1291 1138 δακτύλων

129 1187 219 1251 πόλιν
241 1184 291 1250 διό
314 1193 371 1250 τῶν
393 1184 531 1265 στήθεσιν
552 1191 612 1249 τῶν
634 1192 737 1269 χειρῶν
766 1187 817 1249 καὶ
848 1191 908 1249 τῶν
936 1185 1055 1267 πήχεων
1084 1182 1147 1250 ἅνω
1179 1187 1209 1259 ἐς
1238 1182 1290 1258 τός

129 1295 308 1382 συγκαμπολς
337 1299 386 1360 καλ
418 1294 467 1359 διό
498 1301 557 1359 τῶν
588 1293 752 1378 βραχιόνων
782 1302 841 1359 τῶν
870 1295 1008 1360 κάτωθεν
1042 1299 1147 1378 μέρεος
1178 1298 1208 1370 ἐς
1236 1293 1289 1369 τός

131 1408 282 1491 μασχάλας
303 1409 353 1472 καὶ
377 1409 409 1472 ἐκ
432 1414 492 1470 τῶν
507 1414 644 1486 πλευρῶν
666 1405 786 1472 όνωθεν
807 1404 827 1488 ἦ
842 1409 895 1487 μὲν
912 1410 942 1482 ἐς
957 1407 1009 1472 τόν
1024 1415 1138 1488 σπλῆνα
1154 1404 1288 1486 όφικνεῖ-

129 1547 178 1584 ται
206 1517 226 1599 ἦ
257 1520 289 1584 δὲ
312 1521 341 1594 ἒς
364 1518 396 1582 τό
420 1510 517 1600 ἧπαρ·
549 1521 650 1583 ἔπειτα
672 1519 704 1582 ot
726 1515 801 1600 όπλρ
824 1526 877 1598 τῆς
898 1517 1024 1603 γαστρός
1055 1521 1085 1594 ἒς
1116 1517 1149 1584 τό
1172 1509 1289 1582 αἰδοῖον

129 1639 301 1694 τελευτῶσιν
322 1627 496 1712 ἀμφότεραι.

214 1748 270 1809 Hie
285 1743 541 1820 subsistendnmst,
562 1764 630 1808 nam
646 1747 719 1809 haeo
735 1749 848 1808 tantum
862 1747 1034 1809 Aristoteles
1049 1749 1175 1826 praebet.
1206 1746 1286 1823 Quae

130 1861 350 1938 subsequuntur
371 1861 403 1919 in
424 1857 510 1920 libris
532 1880 562 1917 π.
586 1852 657 1932 osto.
681 1851 752 1918 ἄνθ.
775 1862 803 1920 et
825 1879 855 1917 π.
881 1853 952 1930 ooo.
983 1850 1042 1917 όστ.
1066 1859 1156 1921 verba
1176 1859 1287 1920 addunt

127 1987 227 2044 venos,
257 1987 331 2050 qnae
360 1987 495 2049 nequeo
517 1971 611 2048 eapite
642 1971 775 2032 oriantur
795 1987 849 2032 neo
879 1971 938 2028 τῶν
967 1963 1144 2044 παχυτάτων
1166 1967 1284 2044 φλεβῶν

130 2081 167 2142 ‹ie
189 2082 295 2161 quibus
309 2081 415 2160 agitur,
437 2087 504 2142 sunt
518 2097 649 2160 quaeque
664 2082 794 2144 eiusdem
810 2099 867 2142 non
882 2099 947 2143 esre
961 2097 1027 2142 seso
1041 2097 1148 2158 genere
1171 2081 1286 2142 dioondi

130 2196 159 2254 et
180 2193 365 2255 desoribendi
393 2209 462 2270 prae
490 2209 523 2252 se
544 2191 641 2253 ferunt
662 2209 679 2252 a
700 2194 796 2270 priore
825 2192 913 2270 longe
934 2191 1030 2254 alieno
1061 2191 1110 2268 (of.
1133 2190 1197 2253 Gai.
1219 2191 1237 2252 l.
1260 2209 1284 2252 o.

127 2322 156 2381 p.
174 2303 257 2380 150),
279 2302 374 2364 olente
396 2301 483 2380 plane
502 2302 719 2382 oompilatorem
741 2303 790 2380 (et.
804 2304 921 2364 initium
944 2300 998 2361 εἰσὶ
1022 2297 1062 2360 δὲ
1085 2299 1148 2360 καὶ
1166 2347 1262 2364 .....
1264 2305 1284 2376 ).

128 2415 278 2476 Venarum
299 2415 390 2493 igitur
403 2413 450 2475 iili
464 2413 573 2476 illustri
588 2416 776 2494 descriptioni
791 2415 866 2476 alter
880 2416 1007 2494 qnidam,
1028 2417 1062 2477 ut
1080 2431 1142 2476 rem
1155 2416 1284 2492 angeret,

128 2528 179 2588 ant
200 2543 255 2588 sua
276 2528 326 2588 aut
346 2543 449 2588 rnrsns
471 2526 569 2588 aliona
590 2527 703 2588 adieoit.

215 2635 308 2716 Caput
332 2637 370 2698 12
394 2638 430 2698 de
462 2638 573 2699 morbis
602 2655 709 2712 eorum,
740 2639 790 2718 qni
819 2655 892 2717 pure
920 2637 1061 2714 laborant,
1092 2638 1282 2714 oompositnm

127 2748 312 2826 aptioribus
333 2767 436 2810 rursus
457 2749 594 2811 abhorret
622 2751 708 2828 atque
737 2751 851 2823 iterum,
882 2751 915 2810 nt
937 2749 1178 2812 Wilamowimius
1208 2749 1283 2809 bene

128 2877 176 2921 mo
212 2862 340 2933 monuit,
386 2859 637 2938 interpolationem
674 2862 800 2923 oontinot
834 2860 1026 2923 manifestam.
1083 2858 1159 2921 Snnt
1193 2860 1283 2920 verba

126 2970 257 3049 γίνονται
279 2971 385 3049 (1262,
403 2971 456 3049 16)
480 2965 519 3029 δὲ
541 2967 606 3030 καλ
629 2968 660 3030 ολ
673 2972 756 3030 λλθοι
774 2975 848 3030 τοῖσι
863 2969 1006 3030 παιδίοισι
1016 2964 1080 3038 ‚toi
1102 2964 1157 3046 τὴν
1171 2962 1282 3046 θερμό-

127 3102 199 3156 τητα
230 3083 284 3140 τοῦ
312 3082 423 3157 χωρλου
455 3101 485 3140 τε
516 3075 625 3141 τούτου
654 3080 705 3142 καλ
732 3084 787 3142 τοῦ
815 3077 888 3140 ὅλου
918 3075 1053 3156 οῶματος
1082 3128 1178 3144 .....
1210 3075 1282 3140 ὅσον

127 3195 262 3250 πλεῖστον
284 3192 543 3270 καταμαραλνεται,
567 3195 708 3253 τοσοῦτον
731 3186 845 3272 όνόγκη
867 3186 1051 3272 ψυχρότερον
1083 3185 1174 3267 εἶναις
1206 3210 1281 3273 quaa

126 3306 278 3382 propterea
300 3306 377 3383 qnod
398 3307 482 3366 antea
497 3306 533 3367 (io
547 3307 662 3366 rosione
682 3305 831 3368 oaliditato
852 3322 947 3368 sermo
964 3308 1015 3379 ost,
1037 3304 1183 3366 inonloata
1204 3307 1281 3378 sunt,

127 3416 180 3476 sed
201 3416 411 3476 sententiarum
433 3433 574 3478 oonornm
604 3415 691 3494 plane
713 3417 888 3495 dirumpunt
909 3434 979 3478 nam
998 3416 1119 3478 ultima:
1142 3407 1233 3493 ὑμεῖς
1249 3409 1281 3474 δὲ

127 3523 258 3604 γίνονται
273 3519 435 3600 αὐτόματοι
450 3523 482 3584 οἱ
492 3519 570 3586 οὕτω
586 3525 764 3602 διακείμενοι
779 3574 876 3588 .....
891 3545 949 3590 non
962 3529 1093 3606 proxima
1102 3528 1278 3601 continuant,

127 3638 179 3698 sad
207 3637 305 3715 priora
327 3636 375 3714 (οἱ
397 3655 425 3716 ρ.
449 3637 497 3711 62,
520 3637 538 3699 9
562 3631 633 3696 ὅταν
662 3624 717 3696 οὖν
739 3632 855 3713 νόσημό
885 3659 913 3697 τι
934 3634 1086 3721 καταλάβῃ
1109 3631 1178 3706 τούς
1200 3630 1279 3696 οὕτω

127 3743 341 3823 διακειμένους,
370 3741 403 3805 τό
431 3743 484 3822 μὲν
510 3747 691 3825 παραχρῆμα
722 3743 943 3827 διαφεύγουσιν,
973 3742 1096 3824 ὕστερον
1127 3743 1159 3806 δὲ
1182 3749 1278 3827 .....)

127 3856 330 3866 --——.

214 3885 428 3960 oanan

212 3982 239 4047 t)
257 3981 299 4036 oo
316 3987 338 4032 Δ
358 3977 407 4036 oiri
425 3983 455 4037 It
475 3981 537 4050 trip
555 3983 580 4038 R
597 3983 656 4040 Gal.
673 3982 716 4038 διὰ
733 3982 845 4038 Aristot.

212 4067 239 4133 3)
256 4066 313 4126 Aa
329 4067 378 4123 ότὸ
396 4067 436 4123 R'.

211 4153 238 4224 4)
255 4153 353 4210 verber
381 4153 468 4208 ἔπειτα
493 4154 537 4210 oret
561 4158 611 4210 τῶν
629 4175 647 4209 ιι
649 4192 795 4208 ........
824 4155 852 4216 ἐς
876 4153 923 4215 τοὶς
949 4153 1102 4222 ουχκαμποὶς
1119 4154 1277 4210 Aristoteles

128 4239 236 4308 omittit,
254 4239 305 4295 nisi
323 4240 465 4310 aliqnando
477 4257 494 4297 a
504 4241 621 4308 librario,
638 4241 684 4312 qni
701 4257 717 4296 a
734 4240 843 4297 vooibns
861 4239 888 4302 ἐς
904 4239 951 4301 τὰς
968 4238 1122 4307 συγκαμιτάς
1140 4239 1175 4294 ad
1192 4239 1277 4296 altera

128 4324 220 4380 eadem
233 4325 390 4393 transiliret,
407 4327 530 4397 negleetn
547 4333 610 4383 sunt
626 4331 655 4382 et
670 4327 843 4384 restituenda
