3104 5018
608 232 822 296 ...11-

136 405 215 466 moto
228 421 335 466 nomon
351 424 381 462 ιτ.
402 397 512 475 φύσιος
527 396 698 478 ἀνθρώπου
721 404 811 482 gerat,
834 421 869 466 οι
882 405 986 482 primis
1000 404 1074 482 ipsis
1093 405 1190 468 vorbis
1212 421 1296 484 opor-

136 517 214 578 tom:
240 507 322 584 ὅστις
344 509 397 587 μὲν
420 511 528 572 είωθιν
551 508 674 572 ιἰκοάειν
695 508 839 592 λεγόντων
862 508 942 589 άμφλ
965 516 1016 590 της
1039 509 1149 588 φύσιος
1170 516 1222 590 τῆς
1247 507 1296 574 άν-

136 624 294 704 θρωπείης
309 668 315 684 .
333 669 340 684 .
357 670 363 682 .
381 670 388 686 .

224 780 335 859 Capitis
355 781 480 858 proximi
502 779 621 841 initium
643 780 721 859 apud
740 779 886 842 Littroum
907 779 1031 858 legitur:
1055 777 1164 838 εἰδέναι
1188 775 1220 838 δὲ
1241 773 1297 856 χρὴ

136 887 189 950 καί
211 885 281 949 τάδε
302 885 379 967 πρὸς
402 887 565 964 ἐκείνοισιν,
596 885 641 949 ὅτι
664 937 670 952 .
693 935 700 950 .
724 937 730 950 .
754 937 760 950 .
805 891 864 953 sod
893 891 970 953 illud
992 885 1038 950 ὅτι
1069 909 1137 953 oum
1158 909 1176 952 a
1199 892 1297 954 codiee

136 1003 164 1064 A
193 1002 280 1082 longo
309 1004 417 1080 optimo
447 1001 578 1064 alionum
604 1004 651 1076 sit,
688 1003 778 1064 verba
807 999 916 1060 εἰδέναι
943 1035 984 1047 -
1015 999 1168 1060 ἐκείνοιοιν
1197 1003 1297 1064 addito

137 1132 218 1188 osso,
248 1116 282 1176 ut
310 1114 441 1194 proximo
472 1131 540 1176 oum
570 1115 810 1177 ontooodontibus
841 1115 1094 1202 oquiungorontur,
1125 1131 1201 1192 quoo
1229 1129 1296 1174 voro

137 1227 307 1305 sequuntur,
329 1224 406 1286 oliuo
426 1225 554 1299 soholao,
576 1225 653 1287 oliuo
668 1227 793 1287 auctoris
809 1243 873 1287 osso
887 1225 1074 1286 manifestum
1090 1228 1140 1287 ost.
1184 1224 1297 1286 Dooont

136 1339 216 1398 enim
238 1338 346 1416 (usque
368 1339 405 1398 ad
428 1330 449 1410 ἥ
471 1357 500 1394 τε
523 1335 600 1412 ίησις
622 1330 711 1394 τοῦτο’
734 1357 784 1410 μοι
807 1335 892 1394 δοκεῖ
912 1327 1000 1414 olvat)
1033 1337 1154 1398 adverso
1176 1351 1296 1397 necesse

136 1466 202 1510 osso
233 1449 388 1510 advorsum
416 1447 555 1526 sanari1)
593 1465 688 1528 nequo
716 1465 848 1527 unquam
875 1447 1058 1526 noglogondo
1088 1465 1152 1509 osso
1183 1448 1296 1508 modico

134 1553 252 1633 νόσημα
274 1549 354 1626 είὸος
378 1552 459 1634 άίρην
482 1551 607 1634 ἡλικίην.

221 1670 304 1732 Alios
337 1689 440 1732 ιαιιιιι
470 1671 637 1732 morborum
665 1672 693 1733 ot
716 1687 819 1731 oousoo
841 1669 931 1731 habet
960 1671 989 1731 ot
1017 1671 1111 1748 poscit
1132 1669 1297 1730 sanationes

134 1782 228 1844 altera
258 1783 361 1862 oopitis
390 1783 459 1843 noni
485 1799 554 1859 poro
584 1781 646 1858 (IX,
670 1782 710 1851 2).
754 1781 811 1842 Hio
843 1782 922 1842 onim
950 1781 1066 1842 morbos
1098 1797 1198 1842 omnes
1227 1781 1297 1841 oriri

134 1895 330 1973 oomporimus
351 1897 402 1954 out
432 1894 528 1954 diaeta
549 1895 600 1954 ιιιιλ
628 1909 695 1954 αοιο
725 1889 772 1970 (αἱ
792 1887 824 1950 δὲ
846 1884 929 1950 νόσοι
953 1892 1082 1970 γίνονται
1105 1889 1138 1948 αἱ
1158 1887 1210 1966 μὲν
1234 1883 1296 1950 ἀπὸ

135 2006 196 2063 τῶν
219 1995 428 2080 διαιτημάτων,
458 2001 491 2061 αλ
511 1997 543 2062 δὲ
575 1996 635 2061 άπιί
667 2005 722 2062 τοῦ
744 1997 923 2078 πνεύματος,
953 1995 971 2062 ὃ
994 1995 1167 2080 ἐσαμόμενοι
1189 1988 1296 2080 ζῶμεν)

134 2119 222 2196 atquo
253 2133 310 2196 quo
340 2117 476 2195 quodque
505 2118 590 2179 modo
622 2134 715 2195 genus
743 2118 869 2178 oonotur.
911 2115 994 2177 Idom
1016 2118 1115 2176 autom
1144 2117 1191 2176 vir
1211 2113 1297 2193 pluro
1326 2165 1328 2170 .

134 2230 261 2308 scripsit,
290 2246 359 2290 nam
381 2222 453 2286 ὅταν
477 2222 516 2299 δὲ,
546 2229 650 2308 inquit,
682 2225 715 2284 αλ
735 2220 818 2286 νόσοι
848 2228 986 2305 γίνωνται
1009 2223 1196 2284 παντοδαπαί
1222 2219 1297 2283 κατά

134 2332 207 2407 τούς
229 2332 342 2408 αιἰτοιλς
363 2333 499 2416 χρόνους,
531 2338 623 2412 δῆλον
646 2333 690 2398 ὅτι
721 2333 755 2396 τά
779 2333 958 2414 ιλιαιτηματά
988 2335 1064 2397 ἔστιν
1087 2335 1166 2396 αἴτια
1188 2333 1297 2396 ἕκαστα

134 2444 295 2522 ἑκάστοισι,
311 2448 361 2508 καὶ
377 2444 431 2526 την
447 2451 611 2528 θεραπείην
625 2443 682 2527 χρὴ
692 2455 844 2508 ποιεῖσθαι
861 2443 1086 2524 ἐναντιούμενον
1099 2451 1135 2532 τῇ
1148 2441 1297 2524 προφάσει

134 2563 189 2636 τῆς
212 2555 314 2632 νόσον,
337 2555 467 2639 ὥσπερ
491 2582 559 2637 μοι
581 2553 803 2637 πέφρασται
825 2557 889 2619 καλ
912 2557 1079 2638 ἑτέρωθι
1102 2557 1163 2638 [καὶ
1186 2561 1297 2642 τῇτοῖν

135 2665 338 2748 διαιτημάτων
375 2674 521 2755 μεταβολῇ
559 2673 616 2735 dol.
652 2675 732 2735 rooto
760 2673 858 2750 wfl.];
894 2690 968 2752 quae
1004 2673 1093 2734 vorba
1128 2689 1223 2752 noque
1259 2671 1297 2733 od

133 2783 272 2846 libellum
301 2805 331 2842 π.
357 2777 429 2856 φιλο.
454 2779 543 2859 ἆνθρ.
575 2803 669 2864 noque
692 2785 730 2846 od
752 2785 856 2864 oopitis
873 2786 991 2846 initium
1013 2787 1135 2863 possunt
1156 2785 1296 2861 opootoro.

133 2896 232 2975 Atque
255 2897 376 2958 deinde:
402 2889 421 2952 ἃ
444 2895 491 2952 δεῖ
509 2891 724 2969 καταμαθόντα
747 2889 936 2970 μεταβάλλειν
957 2893 1009 2953 καί
1031 2888 1219 2969 σκεψάμενον
1242 2895 1297 2952 τοῦ

54 3019 56 3024 “
134 3000 308 3079 ἆνθροίπον
330 3001 385 3080 τήν
407 3025 436 3064 τε
459 2997 575 3082 ἡλικίην
597 3003 648 3065 καὶ
671 3000 704 3064 τά
723 2997 801 3076 εἶδος
823 3003 873 3064 καὶ
896 3001 950 3080 τήν
973 2999 1054 3081 άίρην
1077 3006 1130 3062 τοῦ
1150 3001 1230 3074 ἔτεος
1244 3001 1296 3063 καὶ

133 3119 188 3192 τῆς
209 3111 301 3175 νόσον
325 3111 377 3175 τόν
399 3112 512 3192 τρόπον
535 3111 587 3192 τήν
611 3119 774 3194 θεραπείην
796 3121 950 3175 ποιεῖσθαι
972 3111 1007 3174 τά
1030 3113 1082 3190 μὲν
1106 3111 1295 3190 άφαιρὲοντα

133 3223 171 3286 τά
194 3223 225 3286 δὲ
255 3225 470 3307 προστιθέντα,
510 3223 637 3306 ὥσπερ
668 3250 735 3302 μοι
765 3227 828 3286 καλ
859 3224 978 3288 πάλαι
1008 3225 1174 3304 είρηται.
1220 3220 1297 3303 πρός

134 3335 244 3399 ἕκαστα
266 3341 325 3397 τῶν
348 3331 470 3414 ἡλικιῶν
492 3337 543 3398 καὶ
565 3341 625 3398 τῶν
648 3332 749 3417 οίρίων
772 3339 821 3398 καὶ
846 3343 904 3400 τῶν
927 3337 1028 3399 εἰδέων
1051 3336 1101 3397 καὶ
1124 3341 1183 3397 των
1198 3331 1297 3397 νάσων

133 3448 167 3510 ίν
190 3469 220 3508 τε
241 3451 278 3533 τῇ
300 3450 470 3533 φαρμακείη
494 3426 745 3530 [προστρέπεσθαι
760 3454 787 3514 Α
802 3473 906 3528 προτρ.
922 3451 949 3514 R
965 3454 999 3514 σί.
1016 3451 1079 3515 Gal.
1094 3451 1114 3512 l.
1130 3470 1154 3513 o.
1169 3470 1196 3530 p.
1214 3449 1297 3527 122]

133 3558 185 3620 καί
210 3558 242 3620 ἐν
263 3563 300 3644 τῇ
322 3559 436 3644 διαίτης
467 3580 543 3642 (μιαο
565 3563 620 3624 otei
641 3581 741 3625 rorum
763 3581 887 3642 quorum
908 3565 1027 3625 initium
1049 3564 1152 3641 oopitio
1181 3553 1297 3636 ἡλικίης

135 3665 217 3752 ὥρης
243 3669 345 3731 εἰδέων
374 3667 472 3732 νόσων
493 3677 635 3736 mtionom
657 3674 774 3748 habent,
805 3693 864 3736 non
891 3675 963 3736 illuo
985 3676 1037 3736 sod
1066 3673 1124 3736 olio
1151 3675 1296 3752 portinere

136 3787 249 3846 oortum
271 3787 322 3846 ost.
366 3784 494 3847 Alterius
510 3803 579 3864 orgo
601 3788 692 3864 partis
709 3785 771 3860 (IX,
788 3786 821 3863 2)
845 3790 953 3860 auctor,
976 3804 1043 3848 oum
1064 3785 1114 3846 hio
1130 3786 1297 3847 morborum

134 3914 240 3958 oauoos
261 3898 294 3957 in
314 3897 486 3958 universum
501 3898 634 3975 aperiret,
658 3915 757 3958 oorum
780 3899 960 3959 ourotionom
975 3897 1045 3959 olibi
1066 3897 1212 3974 oxpoouit;
1235 3897 1296 3969 ubi,

135 4007 233 4069 odhuo
254 4009 412 4070 nosoimus.

221 4157 247 4218 l)
265 4155 297 4212 of.
314 4175 339 4210 ot.
358 4153 417 4227 α’ρχ.
437 4157 501 4223 ίητρ.
520 4174 542 4214 ο.
561 4158 593 4214 13
617 4159 654 4225 τῷ
682 4154 821 4226 ὖπειαιτίῳ
840 4154 967 4234 προσάντει
992 4158 1067 4210 λῦσαι
1091 4155 1128 4216 τίς
1153 4154 1168 4210 o‘
1192 4155 1296 4210 ίκείιων

134 4236 212 4309 λόγος
236 4241 305 4312 ἔχεις
330 4261 356 4296 τι.
382 4243 471 4311 φυσῶν
498 4259 519 4299 ο.
538 4244 567 4309 1;
591 4245 619 4298 ot
636 4245 729 4298 οσιιλιιι
753 4241 906 4298 Οιλλιιιίιιιιι
932 4262 957 4296 τι.
983 4239 1138 4309 εὐπορίστων
1164 4241 1187 4309 Ι,
1213 4241 1230 4296 2
1255 4240 1297 4298 od.

134 4326 303 4398 Daromborg
319 4327 350 4396 V,
374 4328 426 4384 566
451 4330 525 4383 τοῦτο
542 4327 591 4397 γοίμ
611 4327 667 4382 ἐστι
684 4325 712 4382 τί
738 4327 808 4394 παραὶ
832 4330 883 4382 τῶν
906 4324 1020 4397 ἀρχαίων
1045 4327 1188 4394 εἰρημένοι·
1221 4325 1296 4396 κόπῳ

134 4407 214 4466 κόπον
233 4410 308 4467 λιίιιν,
