3104 5018
597 267 810 334 ..19-

125 461 185 523 que
199 438 272 502 ὅσοι
294 433 321 501 ὁ’
343 434 380 500 ἄν
404 432 515 500 ἅλωσιν
537 437 593 512 ἔξω
622 441 676 516 τῆς
698 433 779 518 ὅρης
800 433 909 515 ταύτης
936 434 987 498 καὶ
1009 441 1060 516 τῆς
1082 431 1198 518 ἡλικίης
1219 429 1283 498 troo

127 553 309 630 σστσρτσίσυ,
341 540 374 611 εὖ
401 545 456 630 χρὴ
479 549 590 610 εἰδέναι
618 544 660 626 μὴ
690 545 809 628 χρόνιον
831 545 973 626 ἐσόμενον
1000 545 1054 610 τόν
1076 545 1213 628 πυρετόν,
1243 542 1282 626 ἢν

127 658 169 741 μή
185 687 213 724 τι
228 657 296 724 ἄλλο
312 665 512 742 κακουργῆσαι
529 655 699 741 ἅνθρωπος
713 664 745 724 in
758 665 887 725 mentem
900 666 983 726 vooat
996 662 1102 725 ultima
1121 664 1225 743 ospitis
1242 661 1283 723 12

126 777 218 838 verbs
239 779 259 854 (.
276 819 283 835 .
302 819 333 836 ..
355 768 395 851 ἢν
414 767 455 851 μή
471 795 499 833 τι
513 766 582 833 ἄλλο
599 775 802 852 κακουργῆσαι
818 767 998 852 ὥνθρωπος)
1021 791 1110 855 seque
1124 775 1161 836 ab
1181 775 1284 836 eodem

129 888 293 966 profestum
308 904 373 949 esse
388 887 515 948 ostendit
529 887 580 966 qui
595 887 626 947 in
638 888 737 948 ootsvo
752 887 844 964 sopito
855 885 1082 965 interpolarent
1096 888 1116 964 (.
1131 935 1137 947 .
1153 933 1160 948 .
1176 881 1287 945 είδίνσι

127 993 184 1077 χρὴ
206 992 356 1058 ἐνιαύσιον
368 990 540 1075 ἐσόμενον).

215 1111 366 1172 Mutustus
383 1111 427 1171 est
442 1125 510 1186 ergo
525 1111 626 1170 euotor
641 1107 688 1170 vol
703 1125 745 1182 es,
764 1125 838 1188 quse
852 1109 948 1182 ondin
970 1109 1169 1170 additoments
1184 1109 1283 1170 entem

129 1222 229 1284 omnio
250 1222 330 1283 idem
352 1221 462 1284 obtinet
484 1237 578 1298 genus
600 1220 717 1281 diosndi
746 1219 784 1296 (o.
808 1219 826 1280 9
850 1216 959 1278 είδὲνιιι
982 1214 1019 1278 δὲ
1041 1213 1095 1296 χρή
1117 1215 1180 1278 καί
1203 1267 1210 1281 ,
1233 1267 1240 1282 .
1263 1241 1288 1293 .;

130 1333 170 1410 (ο.
186 1332 224 1393 11
249 1327 304 1389 εἰσὶ
328 1326 460 1405 §took
483 1325 773 1408 φίρονσιδέκσλς)
797 1349 820 1392 o.
838 1330 877 1392 12
901 1326 1180 1409 γίνοντσιδὲιισιὶς
1204 1347 1227 1393 o.
1245 1331 1287 1392 15

130 1442 320 1521 προσγίνεται
343 1437 374 1500 δὲ
480 1459 555 1522 quse
583 1443 667 1504 initio
694 1441 827 1504 redolent
856 1441 1087 1521 compilatorem
1118 1437 1224 1501 εἰδέναι
1254 1437 1286 1501 sii

130 1547 187 1633 χρὴ
211 1573 234 1616 e.
257 1553 293 1628 8;
315 1553 350 1627 9;
375 1553 429 1627 12;
454 1552 509 1625 14;
542 1551 580 1614 15
603 1569 679 1632 quoe
701 1553 864 1615 ooniunotio
891 1571 1035 1633 nmquam
1057 1554 1115 1614 nisi
1136 1555 1167 1614 in
1188 1553 1289 1616 verbis
1345 1607 1349 1612 .

131 1667 253 1728 odientis
274 1664 439 1744 reperitur).

221 1775 301 1852 Quae
323 1793 389 1837 oum
410 1775 452 1836 ito
481 1776 540 1836 sint
570 1777 606 1848 st,
636 1776 720 1836 ouius
748 1777 865 1853 generis
895 1793 968 1854 opus
998 1776 1037 1837 sit
1058 1793 1173 1855 quoque
1202 1777 1290 1838 modo

133 1891 237 1961 ortum,
267 1889 495 1950 demonstratum
517 1887 564 1960 sit,
591 1903 669 1947 nuno
691 1919 733 1930 -
756 1887 784 1948 et
805 1903 882 1948 nuno
904 1887 1023 1948 demum
1049 1919 1089 1930 -
1114 1888 1150 1949 de
1171 1891 1290 1949 suntote

134 1999 185 2062 vel
206 2001 304 2078 potius
326 1999 362 2060 de
384 1997 551 2060 suetoribus
573 2014 712 2077 quaerere
732 1997 808 2059 lieet
858 1995 963 2077 Neque
993 1998 1071 2058 enim
1096 1997 1290 2060 confundendi

134 2116 205 2172 sunt
237 2112 338 2171 suntor
369 2100 585 2183 ὖπομνιῇγισιος
619 2110 647 2170 et
678 2111 810 2171 auctores
839 2110 982 2187 portium:
1015 2129 1045 2170 π.
1078 2101 1149 2181 osio.
1181 2102 1291 2186 ἆνθρ.;

135 2221 274 2295 o.1x‚2;
298 2220 382 2298 (10);
407 2217 461 2290 13;
484 2240 516 2280 π.
532 2216 646 2291 διαίτης
661 2210 722 2294 fiii
745 2237 769 2281 o.
787 2220 824 2280 11
842 2222 894 2281 eto.
938 2219 995 2282 Sed
1017 2223 1173 2299 antequem
1195 2219 1291 2282 ofssoio

133 2300 819 2418 Mffioffidiomm,
841 2340 1061 2418 erepetiondum
1085 2341 1129 2401 est
1149 2338 1212 2400 fort.
1227 2337 1292 2400 lon·

134 2454 213 2532 gius.
255 2450 387 2512 Primtm
408 2451 487 2512 enim
508 2452 621 2528 portem
643 2452 753 2528 oportet
774 2451 992 2512 seeumtissime
1012 2452 1178 2512 treotemus.

640 2553 795 2574 *nn—-n—

224 2635 254 2674 ro.
278 2605 350 2684 φύσ.
372 2604 461 2689 σι’νθρ.
486 2611 583 2674 libelli
606 2629 640 2674 ex
660 2613 757 2674 initio:
785 2606 866 2682 ὅστις
887 2606 941 2688 μὲν
963 2599 1019 2670 οὖν
1041 2611 1149 2672 εἴωθεν
1171 2605 1294 2672 σῖκούειν

136 2717 283 2805 λεγόντων
302 2717 380 2799 σἰμφὶ
404 2724 456 2798 τῆς
478 2715 588 2797 φύσιος
603 2723 656 2798 τῆς
671 2714 863 2800 ἀνθρωπείης
878 2719 1057 2800 προσωτέρω
1072 2715 1094 2799 ἢ
1112 2716 1185 2782 ὅσον
1200 2715 1293 2800 αὐτῆς

138 2833 169 2905 ἐς
193 2827 327 2914 ἰητρικὴν
350 2826 472 2910 α’φήιιει,
496 2827 592 2916 τούτω
615 2828 667 2908 μὲν
682 2825 738 2893 οὖν
761 2827 927 2910 ἒπιτήὸειος
949 2827 1000 2892 ὅδε
1022 2825 1141 2914 istros
1163 2828 1296 2908 σἰιισύειν,

138 2949 224 3028 quod,
247 2963 334 3026 quem
356 2949 434 3007 reete
457 2945 602 3024 oepitibus
624 2946 686 3006 ooto
707 2946 811 3024 primis
831 2945 936 3007 titulus
957 2944 1009 3007 ille
1030 2947 1186 3026 impositus
1208 2950 1294 3021 esset,

137 3059 262 3138 probare
284 3059 419 3131 vidimus,
441 3054 501 3117 elia
515 3055 609 3116 multo
624 3057 826 3135 eomperimus.
863 3055 1028 3118 Orationem
1042 3056 1183 3136 legimus3
1205 3075 1294 3138 quem
1340 3041 1342 3046 ¹

138 3171 191 3250 qui
212 3170 341 3242 audiunt,
365 3168 508 3230 eiusmodi
528 3167 706 3228 orationibus
728 3169 868 3229 interesse
889 3167 991 3242 solent,
1013 3186 1087 3248 quoe
1109 3169 1146 3232 ab
1169 3169 1296 3230 homini·

137 3281 196 3343 bus
217 3279 371 3353 habentur,
393 3279 444 3359 qui
464 3280 541 3340 inter
562 3294 595 3339 so
609 3294 667 3338 non
682 3279 873 3353 eonsentiunt
895 3279 948 3340 sest
963 3281 1061 3342 verbis
1073 3281 1212 3342 dimisere
1228 3299 1295 3343 oon·

138 3393 298 3453 sueverunt
320 3383 408 3466 (πρὸς
507 3382 652 3465 ἀλλήλους
674 3383 893 3466 ἀντιλέγοντες).
940 3389 1035 3467 Quare
1057 3391 1107 3455 hie
1129 3395 1224 3455 orator
1245 3394 1295 3460 sol·

139 3503 285 3564 verserios
309 3518 357 3562 sos
379 3501 437 3562 sibi
458 3501 545 3580 tingit
562 3501 755 3580 omnibusque
777 3502 847 3563 vitio
870 3503 956 3564 vortit
977 3504 1055 3582 quod
1077 3501 1255 3582 προσωτέρω
1277 3497 1298 3580 ἢ

140 3605 213 3672 ὅσον
236 3604 327 3687 αὐτῆς
351 3609 380 3681 ἐς
406 3604 541 3690 ἰητρικὴν
566 3603 679 3686 nimrim
709 3612 746 3673 de
776 3613 879 3674 nature
910 3611 1040 3676 humana
1063 3615 1152 3678 verbe
1181 3614 1297 3689 satim,

141 3725 218 3803 quod
247 3740 340 3784 unum
370 3740 441 3796 esse,
474 3723 667 3802 quodeunque
697 3724 744 3795 sit,
775 3724 948 3787 eontendsnt
977 3724 1064 3802 (φασί
1086 3745 1115 3783 ιε
1138 3719 1193 3805 γᾶρ
1217 3722 1249 3786 ἓν
1269 3747 1298 3786 ιι

141 3826 228 3904 εἶναι,
251 3824 269 3891 ὅ
290 3833 318 3890 τί
340 3829 410 3903 ἐστι,
441 3829 491 3892 καὶ
521 3834 609 3890 τοῦτο
636 3823 713 3890 εἶναι
742 3824 785 3910 [rot
809 3829 841 3892 ἕν
862 3853 892 3892 τε
915 3831 965 3892 καὶ
987 3833 1015 3896 R
1035 3854 1090 3898 olm
1112 3837 1149 3916 Α]
1181 3831 1213 3896 ro
1236 3839 1298 3896 πᾶν

143 3945 180 4007 ef.
202 3943 286 4007 Diels
308 3943 381 4006 Dor.
402 3963 430 4022 p.
446 3943 519 4019 480,
539 3943 558 4005 4
580 3944 645 4024 sq.),
669 3946 746 4024 quod
767 3961 801 4006 es
823 3944 860 4007 de
882 3936 971 4008 oense
991 3949 1177 4026 pronuntient
1198 3951 1227 4012 st
1248 3948 1299 4010 ho-

143 4057 253 4118 minem
276 4058 305 4118 et
327 4056 424 4118 omnio
447 4072 510 4117 esse
532 4058 583 4116 sut
604 4071 702 4118 nerem
723 4057 775 4116 sut
795 4056 895 4134 ignem
923 4060 974 4119 eut
994 4075 1101 4138 eqnem
1122 4063 1173 4122 ent
1192 4063 1300 4123 torrem

142 4161 232 4242 (κατὰ
254 4161 287 4226 δὲ
309 4159 345 4224 τοὶ
368 4159 502 4242 ὀνόματα
525 4159 580 4242 σιἰχ
602 4157 830 4246 ὁμολογέουσιν·
860 4163 936 4246 λέγει
957 4163 989 4226 δὲ
1012 4160 1111 4228 αὐτῶν
1133 4161 1152 4228 o‘
1179 4167 1233 4246 μέν
1255 4191 1299 4241 τις

143 4271 270 4355 φάσκων
284 4269 358 4356 ἠέρα
373 4269 446 4337 εἶναι
461 4278 552 4336 τοῦτο
567 4271 600 4336 τό
616 4273 648 4336 ἓν
663 4297 694 4336 τε
707 4272 759 4336 καί
774 4271 807 4336 ω’
822 4278 892 4352 πᾶν,
902 4269 933 4338 ’ὅ
947 4273 979 4338 δὲ
997 4280 1067 4360 πῦρ,
1087 4272 1105 4341 o‘
1119 4275 1151 4341 ot
1166 4277 1260 4360 ὕδωρ,
1282 4275 1301 4342 o‘

141 4385 176 4448 δὲ
191 4391 271 4469 γῆν).
309 4387 501 4470 Phyeioorum
514 4389 607 4468 igitur
617 4391 747 4452 veterum
764 4390 902 4452 doetrinis
918 4391 953 4466 ei,
973 4391 1091 4471 inques
1108 4393 1301 4456 vehementis-

1095 4509 1125 4560 2*
