3104 5018
745 289 958 355 ..26-

268 466 314 544 (p.
337 463 482 540 1tc-3).
526 463 625 541 Erant,
649 479 735 542 opere
756 465 814 525 toto
837 462 943 526 Gelani
964 479 1044 524 more
1064 463 1156 524 diviso
1179 464 1208 524 et
1228 463 1279 542 qui
1302 482 1332 520 π.
1356 455 1434 534 odo.

269 566 364 650 dccc.
395 577 508 654 purtem
536 591 600 637 esse
627 574 814 654 Hippocratis
843 575 1048 636 contenderent
1069 577 1108 654 (p.
1136 573 1265 646 11;12;
1297 571 1436 646 13;16;
1540 595 1541 612 ¹

279 685 340 748 107
358 688 432 763 etc),
454 688 483 748 et
505 687 556 764 qui
578 687 620 748 ita
641 701 706 748 esse
727 687 876 764 negarent,
900 687 928 746 et
943 686 1003 764 qui,
1024 683 1172 758 utilene,
1193 683 1304 764 Polybo
1326 687 1436 746 durent

267 801 311 876 ¹(p.
330 797 468 870 11-12;
492 792 567 866 τινὲς
586 798 678 876 igitur
691 795 845 858 Honorem
866 801 918 859 aut
930 814 1023 860 unum
1038 798 1089 858 aut
1104 813 1171 860 oum
1185 795 1253 860 altis
1274 799 1432 874 spectent).
1540 855 1541 858 ,

268 907 402 971 Galenus
423 925 491 970 vero
509 909 573 988 ipse
594 909 626 969 in
648 911 759 970 ceteros
781 907 969 970 ncerbiselme
995 906 1165 984 inveotcs¹)
1195 924 1261 968 cum
1283 907 1432 986 plurimis,
1540 885 1541 980 J

270 1023 305 1081 ut
327 1021 410 1093 dicit,
441 1018 526 1081 valde
548 1019 675 1080 laudetis
699 1019 904 1098 Hippocratem
935 1035 999 1082 esse
1027 1019 1139 1098 primae
1167 1019 1258 1098 pertis
1280 1020 1433 1080 auctorem

267 1132 380 1204 statuit,
406 1133 483 1210 quod
506 1133 534 1192 et
557 1131 687 1192 doctrina
708 1131 746 1192 sit
767 1129 849 1191 illius
871 1147 938 1192 curn
960 1129 1045 1196 libris
1066 1130 1203 1210 genuinis
1225 1128 1431 1208 congmene²)
1540 1135 1541 1202 ,

267 1244 302 1303 et
321 1243 359 1302 cd
381 1241 459 1303 hune
479 1243 578 1320 ipsum
599 1239 735 1303 libellum
756 1241 788 1302 in
808 1240 937 1304 Phaedri
958 1239 1021 1304 loco
1043 1243 1083 1320 (p.
1107 1239 1169 1302 270
1192 1241 1217 1302 B
1237 1244 1291 1320 sq.)
1314 1243 1433 1319 spectet
1540 1229 1541 1270 ³

269 1351 354 1414 Plato
377 1353 417 1431 (p.
432 1351 529 1426 e-4;
547 1353 599 1425 12;
616 1351 671 1426 31;
694 1351 840 1429 loa-3).
883 1354 923 1416 At
944 1369 1099 1416 cannarum
1120 1369 1209 1413 unam
1231 1351 1329 1414 valere
1351 1351 1430 1413 nihil
1540 1389 1541 1430 3

268 1464 301 1525 in
321 1467 428 1541 operto,
449 1463 573 1525 alterum
595 1465 633 1525 ad
654 1462 782 1528 nihilum
804 1465 942 1528 reducere
963 1481 1021 1526 ncn
1042 1462 1130 1525 multi
1150 1462 1259 1526 laboris
1282 1479 1345 1524 esse
1367 1461 1428 1524 ulio
1540 1467 1541 1500 i

267 1573 333 1635 loco
362 1575 520 1636 ostendam.
564 1573 659 1650 Quid?
701 1573 763 1636 llos
792 1593 892 1638 omnen
918 1609 961 1618 -
987 1574 1147 1654 exceptci)
1178 1573 1427 1636 Poeehenriederc

271 1683 305 1762 (l.
330 1703 353 1746 o.
375 1703 404 1763 p.
428 1684 467 1747 1o
490 1687 553 1764 ep).
575 1717 619 1728 —
641 1685 745 1748 (taleni
765 1687 875 1750 iudicio
897 1685 1037 1748 malimus
1058 1687 1243 1748 condemnari
1264 1702 1352 1765 quem
1373 1685 1430 1746 tali
1540 1737 1541 1770 ,

266 1797 344 1857 dono
359 1795 475 1857 laedere
490 1796 696 1876 Hippocratem
710 1795 850 1860 Platonis.
886 1795 925 1858 Ht
945 1798 1082 1876 equidem
1095 1795 1178 1858 illius
1196 1815 1337 1876 generum
1353 1815 1427 1875 quo-

265 1923 334 1986 que,
357 1924 446 1986 quam
466 1910 500 1968 ut
517 1907 753 1986 iutrosophistam
768 1909 881 1982 ducam,
903 1907 998 1986 pluris
1013 1910 1134 1970 uetimo
1144 1909 1184 1987 ⁴).
1228 1907 1277 1970 Pit
1291 1925 1368 1988 ergo,
1390 1915 1426 1970 ut
1540 1933 1541 1990 p

268 2016 432 2090 Meconem,
460 2018 624 2080 Aristotelis
647 2018 833 2098 discipulum,
856 2021 960 2081 testem
984 2021 1117 2092 reiciam3
1146 2023 1180 2081 ut
1201 2021 1264 2081 siue
1285 2019 1348 2080 ulla
1371 2021 1427 2082 du·
1540 2025 1541 2094 ᾗ

266 2129 408 2191 bitntione
436 2131 635 2191 testimonium
664 2147 800 2209 respuam
833 2129 945 2192 saeculi
976 2131 1086 2209 quarti,
1117 2133 1171 2192 sed
1199 2161 1241 2174 —-
1271 2132 1339 2204 viri,
1372 2133 1427 2210 qui

268 2239 456 2318 Hippocratis
477 2241 572 2318 ipsine
600 2258 664 2302 esse
693 2242 784 2303 credit
812 2241 1052 2319 scriptiunculam
1075 2259 1142 2304 vere
1171 2241 1361 2320 sophisticam
1391 2265 1423 2300 π.

266 2351 376 2422 φυσῶν
403 2350 442 2429 (p.
464 2351 500 2424 V,
523 2350 562 2413 35
586 2349 624 2413 cf.
646 2351 793 2413 Dielsium
815 2353 846 2414 in
868 2352 967 2414 Herm.
993 2352 1084 2426 1893,
1107 2353 1169 2414 422
1192 2353 1255 2432 ιιι.)
1299 2355 1339 2414 At
1359 2353 1426 2429 iste,

264 2462 374 2522 dixerit
395 2463 469 2540 quie,
491 2465 549 2541 qui,
572 2465 604 2524 ut
626 2465 774 2542 tantopere
797 2466 913 2537 enaret,
943 2463 1008 2526 fieri
1029 2465 1155 2542 poterat!
1199 2462 1336 2526 Peccavit
1357 2483 1427 2527 mea
1540 2499 1541 2528 t

263 2573 387 2652 quidem
418 2575 560 2635 sententia
581 2573 667 2635 Meno
697 2577 729 2635 ut
751 2592 851 2637 omnes
881 2574 978 2636 adhuc
1002 2576 1057 2636 riri
1087 2576 1172 2637 docti.
1224 2575 1327 2637 Potum
1350 2593 1428 2654 opus

269 2683 404 2762 neglecta
426 2685 594 2763 quaestione
620 2690 756 2748 accurate
784 2688 905 2764 putabat
933 2703 997 2748 esse
1018 2685 1139 2765 Polybi,
1168 2688 1246 2766 quod
1275 2689 1428 2750 constabat
1540 2687 1541 2732 t

263 2811 334 2856 esee
356 2795 419 2856 eine
442 2802 529 2874 capnt
550 2813 642 2860 unum
661 2798 680 2858 i.
704 2815 728 2858 e.
749 2798 938 2859 undecimum
960 2798 996 2859 de
1018 2798 1101 2859 renis
1124 2799 1326 2878 conscriptum.

356 2905 526 2968 Aristoteles
558 2907 652 2982 enim,
682 2910 715 2970 nt
744 2925 832 2986 supro
861 2909 1089 2970 demonstratum
1122 2911 1181 2982 eet,
1217 2911 1250 2970 in
1278 2910 1427 2973 Historiae

263 3016 440 3078 animalium
469 3017 543 3080 libro
575 3019 623 3080 III
654 3019 692 3096 (c.
721 3018 754 3098 3)
784 3021 836 3082 nbi
866 3021 902 3081 de
933 3021 1015 3082 venta
1044 3021 1115 3099 quid
1144 3023 1230 3081 antee
1258 3022 1315 3081 viri
1347 3023 1424 3082 docti
1540 3041 1541 3130 2

269 3127 419 3200 senserint,
450 3130 573 3206 exponit,
604 3133 776 3192 sententiam
798 3129 902 3209 Polybi
931 3132 950 3192 i.
982 3149 1005 3192 e.
1028 3133 1114 3210 caput
1146 3131 1184 3192 11
1215 3133 1284 3193 citat
1311 3133 1360 3206 ita,
1390 3136 1426 3194 ut
1540 3131 1541 3168 l

262 3237 357 3299 tinem
379 3240 499 3300 omittat.
543 3240 619 3302 Huic
640 3243 805 3304 testimonio
827 3242 903 3322 qnod
925 3243 963 3304 cd
984 3260 1075 3304 unum
1097 3241 1202 3314 locum,
1226 3241 1423 3304 clarissimum
1540 3245 1541 3280 ³

262 3347 412 3422 uidelicet,
434 3351 566 3428 pertinet,
598 3369 650 3412 our
672 3370 728 3415 non
759 3353 882 3415 habeam
912 3353 1008 3427 tidem,
1040 3355 1095 3415 etsi
1125 3353 1255 3416 Gelonus
1284 3355 1421 3415 maximis

264 3460 410 3520 conviciis
446 3462 605 3523 insectatur
641 3464 864 3544 descriptionem
902 3467 931 3526 et
959 3465 1092 3546 utrique,
1133 3468 1161 3527 et
1185 3466 1355 3545 Hippocrati
1392 3468 1421 3526 et
1540 3441 1541 3520 l

264 3579 470 3588 --.-....-.

351 3651 376 3713 1)
394 3653 564 3718 φλυαροῦντες
580 3671 605 3725 p.
618 3655 663 3722 li;
680 3651 829 3711 ἅπαῑδιιιτοι
847 3656 894 3724 13;
913 3655 1036 3726 βάσκανοι
1055 3656 1100 3723 15;
1119 3656 1181 3724 106;
1199 3653 1315 3710 οἱσύιετοι
1327 3657 1359 3712 16
1370 3660 1420 3713 eto.
1540 3729 1541 3736 ἵ

350 3736 378 3802 2)
394 3753 420 3808 p.
439 3735 473 3792 10
497 3737 550 3807 ἔχει
572 3738 601 3794 δὲ
626 3740 668 3794 τόι
695 3740 739 3808 μὲι
765 3743 864 3806 πρῶτον
891 3742 962 3809 λόγον
981 3781 987 3793 .
1008 3781 1014 3793 .
1034 3781 1040 3793 .
1061 3743 1209 3802 ,παντοίως
1232 3741 1352 3811 ἐχόμενον
1369 3743 1419 3810 τῆς

258 3817 446 3964 Ἰπιῖῧιὲράῖᾎυὲ
462 3822 561 3892 τέχνης.
589 3842 614 3896 p.
633 3827 664 3882 11
744 3823 850 3892 ἀπάσης
866 3829 916 3894 τῆς
932 3825 962 3883 Ἱ.
980 3828 1070 3897 τέχνης
1088 3827 1142 3897 ἔχει
1158 3825 1206 3894 τήν
1224 3825 1273 3882 olon
1291 3832 1415 3894 κρηπῖδα;

260 3921 289 3976 P·
362 3929 369 3971 ι
441 3949 447 3962 ·

348 3992 376 4057 3)
393 3993 426 4048 ol.
443 3993 581 4050 Oribasius
601 3995 712 4060 lecerunt
731 3997 878 4064 συναγωγαί
894 3997 959 4052 XXI
976 3997 1035 4066 (ΠΙ,
1054 3999 1068 4054 1
1087 3997 1127 4054 cd.
1145 3999 1196 4061 Dr.

349 4077 376 4147 4)
395 4077 458 4133 Non
475 4079 534 4135 leve
551 4079 656 4135 ridetur
673 4084 809 4138 nectorem
832 4082 907 4152 sequi
924 4082 1112 4153 Empedoclem
1137 4101 1196 4140 cnm
1213 4084 1372 4142 Philistiona
1389 4089 1417 4141 et

258 4161 371 4218 eosdem
388 4161 489 4219 hebere
505 4181 610 4220 umores
628 4181 695 4235 qnos
719 4166 877 4233 Philolaurn,
902 4168 948 4237 qui
966 4167 1000 4224 ab
1019 4168 1157 4225 occidente
1174 4170 1287 4241 protecti
1304 4175 1417 4242 uterque
1540 4181 1541 4236 ἲ

257 4244 297 4302 ab
315 4247 487 4318 Hippocratis
505 4249 596 4305 schole
612 4250 711 4308 absunt
728 4251 817 4321 [will.
