3104 5018
221 1731 334 1826 Libris
356 1763 552 1842 hippoorateis
575 1763 626 1824 diu
649 1761 777 1840 ealigine
799 1762 910 1823 obrutis
925 1778 1000 1840 quae
1023 1761 1205 1841 aliquantum
1225 1760 1302 1823 lueis

144 1873 304 1937 attulerunt
318 1873 367 1936 hie
381 1874 562 1953 temporibus
577 1876 628 1934 aut
643 1890 717 1952 queo
731 1872 854 1934 afferant
867 1872 973 1934 idonea
988 1875 1130 1946 ridentur,
1150 1873 1207 1934 tria
1221 1875 1302 1934 sunt:

144 1987 376 2048 dissertationem
392 1985 456 2046 diso
478 1983 590 2063 Ilbergi
614 1984 731 2062 (Stadia
742 1986 944 2060 poeadrppoer.
966 1984 1088 2063 Leipzig
1108 1983 1212 2062 1883),
1235 2001 1303 2046 oum

146 2097 291 2175 sagaciter
313 2100 342 2158 et
363 2099 455 2158 totum
481 2095 702 2174 perlustraverit
730 2113 835 2174 eorpus
864 2098 892 2157 et
919 2094 1050 2173 singulos
1079 2097 1246 2157 tractaverit
1267 2095 1303 2156 li·

143 2207 244 2281 bellos,
268 2207 422 2286 Gompsrai
444 2208 520 2286 quod
541 2207 712 2268 insoribitur
734 2225 822 2286 opus:
845 2207 890 2264 110
911 2209 1058 2284 Apologia
1079 2209 1130 2264 der
1151 2206 1304 2265 Heiilranoi

144 2317 367 2396 (widerato),
390 2319 475 2380 ouius
495 2319 527 2378 in
550 2319 756 2379 oommentario
772 2353 821 2374 .—
843 2335 912 2380 nam
932 2319 968 2379 de
981 2316 1140 2396 Protagora
1160 2335 1218 2378 non
1240 2319 1303 2379 eine

143 2447 232 2492 eausa
251 2433 348 2491 100010
369 2428 446 2490 malo
470 2462 507 2474 -
535 2429 570 2490 de
593 2428 715 2490 dinleeto
730 2431 886 2507 praesepta
901 2429 1006 2490 dantur
1019 2446 1076 2490 non
1093 2429 1304 2490 rontemnenda

145 2559 240 2621 neque
262 2541 361 2601 miuus
384 2539 540 2620 diligenter
561 2539 687 2619 singulis
710 2541 855 2602 derebus
877 2541 982 2618 agitur,
1007 2557 1149 2618 papyrum
1178 2541 1304 2618 denique

142 2651 374 2725 Londinensom,
405 2668 480 2730 quae
507 2653 544 2712 ad
566 2653 693 2712 veterem
721 2652 792 2712 artis
822 2651 953 2712 medioae
982 2650 1135 2712 historiam
1162 2654 1303 2730 quantum

140 2763 239 2824 valeat
266 2761 431 2839 aDielsio‚
461 2763 522 2824 aori
545 2763 654 2824 editore
677 2764 705 2823 et
732 2763 898 2840 ingenioso,
929 2763 1078 2841 oognitum
1104 2763 1231 2840 perbene
1260 2764 1304 2824 001

142 2877 171 2935 01
200 2874 418 2952 pronuntiatum
448 2873 496 2950 (oi.
519 2874 643 2935 Hermes
669 2872 772 2951 1893).
825 2871 882 2934 Sed
914 2874 952 2934 ad
980 2872 1072 2934 libros
1100 2871 1303 2952 hippocrateos

142 2985 337 3046 aestimandos
359 2987 497 3063 quantam
519 2983 572 3045 illa
597 2985 800 3046 auotoritatem
825 2983 939 3057 habeat,
970 2987 1047 3063 quod
1068 2986 1148 3046 idem
1170 2985 1302 3045 111100-

141 3097 274 3157 tissimue
296 3095 392 3156 levius
414 3097 512 3174 attigit
539 3099 590 3157 aut
611 3097 672 3157 1010
694 3095 832 3174 neglexit,
858 3112 892 3156 aa
915 3097 1061 3186 dolosusa
1083 3099 1116 3156 ut
1138 3113 1205 3156 eum
1228 3097 1302 3156 vitu-

140 3223 249 3286 perem,
272 3205 359 3285 longe
382 3208 494 3268 absum.
545 3205 623 3268 Nam
645 3210 848 3286 praeterquam
871 3209 948 3286 quod
971 3207 1080 3285 seripta
1102 3206 1302 3284 hippooratioa

141 3319 245 3398 papyri
268 3335 321 3396 ope
342 3317 491 3380 illustrare
514 3335 609 3397 neque
632 3319 731 3398 exigui
752 3319 863 3380 laboris
885 3335 980 3396 neque
995 3318 1117 3379 fortasse
1139 3319 1227 3378 unius
1249 3317 1301 3377 ho-

140 3429 229 3490 minis
252 3432 308 3500 001,
339 3431 447 3508 scripta
468 3430 534 3507 ipsa
556 3431 651 3490 studio
674 3433 759 3490 antea
782 3446 871 3508 quam
896 3430 1023 3490 maximo
1045 3430 1185 3506 indigent.
1230 3429 1302 3504 Quis

141 3541 218 3601 enim
240 3543 291 3613 001,
314 3542 366 3618 qui
380 3542 492 3602 neseiat
508 3541 648 3602 editiones
662 3539 767 3601 Littrei
785 3543 813 3602 01
827 3539 990 3601 Ermerinsi
1015 3541 1137 3601 minime
1159 3539 1302 3614 suidoere,

140 3653 191 3729 qui
213 3652 328 3729 ignoret
349 3652 427 3712 viros
450 3653 548 3714 dootos
570 3685 612 3696 -
635 3652 737 3730 paneis
753 3653 881 3730 exeeptis
903 3685 945 3694 -
967 3652 1112 3730 usquead
1128 3652 1207 3712 huno
1223 3653 1301 3713 diem

140 3763 248 3840 soripta
269 3761 399 3841 hippoer.
421 3765 504 3842 parvi
526 3765 680 3825 aestimare
702 3765 758 3834 110,
788 3765 821 3824 ut
842 3779 934 3824 unum
965 3781 999 3824 ex
1026 3765 1068 3824 eie
1095 3767 1146 3824 ant
1175 3762 1300 3823 alterum

140 3871 237 3934 looum
250 3872 380 3947 afferant,
404 3890 445 3947 00,
473 3892 531 3953 que
544 3892 598 3954 par
613 3879 665 3947 001,
683 3875 836 3952 diligentie
855 3875 886 3935 in
902 3875 945 3936 eis
959 3876 1071 3936 versari
1086 3875 1301 3952 supersedeant.

139 3984 298 4045 Attamen
320 3984 390 4046 libri
412 3986 543 4064 otdigni
565 3988 640 4058 eunt,
664 3987 770 4064 quibus
793 3987 970 4058 studeamus,
994 3988 1022 4046 et
1043 3986 1111 4064 apti,
1135 3986 1186 4063 qui
1210 3987 1245 4046 de
1268 4003 1301 4046 ee

138 4095 212 4156 bene
234 4097 372 4157 meritum
395 4095 586 4174 amplissimis
601 4098 740 4176 praemiis
755 4097 892 4158 affioiant.
930 4096 1042 4175 Operae
1064 4097 1155 4176 igitur
1172 4098 1298 4174 pretium

139 4207 217 4280 duxi,
240 4208 276 4268 de
297 4207 447 4286 plerisque
475 4206 561 4269 libris
584 4209 768 4280 summatim,
799 4210 1019 4270 aoouratissime
1049 4210 1148 4270 autam
1171 4209 1207 4268 de
1228 4225 1301 4268 non-

138 4317 228 4378 nullis
250 4320 435 4397 quaestiones
458 4319 495 4380 ad
517 4336 648 4381 summos
677 4321 708 4380 in
737 4319 925 4398 philosophia
954 4318 1081 4382 honores
1110 4320 1303 4398 capessendos
