3104 5018
618 259 832 326 ..31-

116 512 118 516 .
232 431 335 494 Restet
362 433 493 511 quaestio
521 433 610 494 totius
640 423 856 509 ὖπομνήμαιος
890 435 925 496 do
954 437 1078 498 auctore.
1127 434 1167 496 iit
1195 451 1306 498 uomere

144 545 265 624 quidem
288 546 322 606 ut
343 543 481 606 afferatur
502 547 621 618 certum,
643 545 709 606 lieri
731 562 801 607 seue
823 546 925 626 nequit
945 563 1039 626 neque
1062 548 1106 608 est
1126 544 1217 626 ullius
1239 561 1307 605 mo

145 657 245 729 menti,
267 673 337 717 nem
359 656 501 718 eiusmodi
525 673 598 734 opus
617 656 675 718 sibi
690 657 813 736 quisque
828 673 999 735 componere
1021 658 1140 736 poterut.
1184 655 1230 718 De
1251 673 1301 716 oe-

144 770 205 829 tete
226 784 294 829 voro
316 767 414 829 lacere
436 768 631 828 coniecturum
653 767 835 844 superfluum
857 781 915 828 nou
929 767 1069 829 videatur.
1114 766 1194 846 Opus
1213 767 1306 839 euimr

145 880 224 958 quod
245 879 401 940 conflatum
424 883 476 950 eet,
499 895 565 940 cum
588 898 619 936 π.
636 871 746 951 φύσιος
761 869 850 956 ἅνθρ.
875 881 905 940 et
925 877 1030 958 Polybi
1045 877 1115 940 libri
1133 877 1301 957 pervulgati

144 992 234 1064 orout,
250 1007 374 1070 cumque
389 1011 419 1046 π.
436 991 547 1048 παθῶν
561 987 714 1068 legebatur
729 991 757 1050 et
772 1009 803 1046 u.
820 981 918 1047 νόσων
931 989 971 1063 Π,
987 989 1006 1050 2
1023 989 1055 1066 (i.
1069 1007 1093 1051 e.
1109 1008 1133 1051 c.
1151 986 1303 1066 12-74),

143 1101 229 1162 cuiue
244 1103 351 1177 auctor,
374 1101 451 1178 quod
466 1096 580 1177 φλέγμα
595 1117 612 1161 e
628 1117 696 1162 voce
711 1095 828 1177 φλέγειν
850 1101 977 1162 derivato
998 1117 1050 1180 pro
1068 1100 1305 1162 inflcmmetionc

140 1212 242 1285 utitur,
263 1211 421 1273 Prodicum
442 1212 527 1290 sequi
548 1212 662 1273 videtur
684 1211 781 1289 (Diels
803 1211 903 1273 Herm.
927 1211 1018 1286 1893,
1041 1211 1123 1288 419),
1153 1229 1211 1274 nou
1233 1227 1304 1272 esse

140 1341 228 1403 posse
250 1322 362 1386 seeculi
383 1321 411 1382 V
433 1324 551 1384 constet

228 1433 287 1496 Sed
309 1433 433 1496 saeculis
456 1433 654 1512 compluribus
675 1437 741 1512 post
770 1435 833 1496 eius
862 1435 980 1512 generis
1010 1425 1173 1509 cccccccccc
1193 1433 1301 1494 notum

141 1563 207 1607 esse
229 1546 296 1625 quis
318 1547 374 1618 est,
390 1547 454 1630 qui
477 1543 566 1607 uelit?
597 1547 648 1624 qui
676 1547 772 1624 putet,
801 1543 946 1622 permulto
974 1547 1040 1624 post
1061 1543 1214 1624 collegisse
1236 1543 1295 1606 sibi

140 1674 318 1736 quemquam
332 1657 555 1734 ietrosophisteo
568 1655 739 1734 opusculum
756 1658 784 1717 et
797 1654 902 1734 Polybi
919 1672 1058 1716 venerum
1073 1655 1298 1734 descriptionem

139 1767 300 1856 obsoletum
314 1785 389 1840 mox,
404 1768 441 1828 eb
456 1765 612 1828 Aristotele
628 1768 818 1841 emendetem,
841 1765 950 1830 Gelono
967 1765 1091 1845 exempli
1107 1782 1194 1826 ceuse
1207 1763 1301 1844 plene

137 1877 278 1940 stultam?
322 1877 438 1942 Saeculi
460 1879 556 1957 quarti
579 1896 706 1940 esse-
728 1881 761 1940 ut
782 1878 909 1956 plurime
931 1878 1058 1956 eorporis
1080 1875 1228 1956 seripte¹)
1251 1911 1293 1922 -

136 1991 202 2051 veri
217 1992 261 2051 est
274 1989 467 2051 simillimum.
509 1989 663 2052 Menouem
678 2007 747 2068 ergo
769 2007 842 2068 opus
863 1990 921 2050 iem
944 1989 977 2050 in
997 1989 1133 2050 monibus
1154 1986 1300 2050 babuisse·

135 2118 234 2163 nonne
247 2101 397 2180 probabile
412 2101 476 2163 est?
517 2101 612 2161 Immo
627 2117 703 2174 vero,
726 2101 805 2180 quod
818 2100 898 2162 idem
912 2117 947 2161 so
961 2117 1014 2162 uos
1033 2098 1159 2178 legebat,
1182 2098 1294 2160 eisdem

135 2213 227 2290 etque
248 2212 335 2274 hodie
350 2213 403 2274 viri
422 2213 498 2274 docti
521 2212 667 2274 erroribus
690 2213 792 2289 coptus
806 2210 913 2292 Polybo
936 2228 1009 2290 opus
1030 2211 1139 2272 tribuit
1184 2209 1299 2284 Quarto

136 2323 231 2400 igitur
251 2322 369 2384 soeculo
391 2327 458 2384 ente
479 2323 614 2384 Menonis
636 2325 761 2384 celetem
783 2313 945 2398 ὖπόμνημα
966 2355 1009 2365 -
1031 2321 1107 2400 quod
1129 2312 1292 2394 ὑπόμνημα

137 2427 271 2508 ἰατρικόν
293 2435 437 2496 nominari
458 2435 560 2512 polest,
583 2434 720 2514 quonium
741 2453 772 2491 π.
796 2425 866 2508 pcto.
890 2425 981 2510 ἆνθρ.
1005 2433 1101 2510 sepite
1125 2430 1205 2494 1-8
1228 2429 1298 2492 sole

133 2544 246 2624 scripte
268 2547 336 2606 suut
358 2577 400 2587 -
420 2544 530 2606 fectum
553 2561 616 2606 esse
639 2539 798 2623 coniciet).

206 2805 232 2875 1)
250 2804 282 2860 cl
300 2803 390 2874 llberg
406 2804 507 2874 proleg.
524 2821 549 2875 p.
566 2803 663 2860 XXIX.

205 2890 231 2958 2)
251 2889 376 2956 Gelonus,
402 2889 447 2960 qui
464 2889 594 2946 vocabulo
620 2885 722 2956 οὕρημα
740 2887 773 2958 (c
793 2889 841 2953 1l;
867 2887 983 2944 sectoris
1001 2889 1043 2942 ost
1059 2903 1108 2943 uso
1124 2903 1178 2946 nou
1195 2886 1295 2956 lontio,

127 2975 364 3048 Aphoriemorum)
384 2977 412 3032 ot
430 2973 535 3045 αύνοχος
553 2975 585 3045 (c.
599 2975 642 3042 15)
654 2973 764 3030 medicis
782 2975 871 3030 estete
881 2971 1028 3047 minoribus
1045 2973 1186 3032 convenire
1203 2971 1297 3030 credit

125 3063 162 3130 tl.
183 3079 205 3118 c
222 3079 249 3133 p.
268 3059 332 3126 164;
350 3060 417 3131 1¹²2),
434 3077 528 3130 perum
545 3058 662 3132 prodest
697 3059 767 3116 Raro
784 3075 877 3114 rovere
892 3057 1070 3114 inveniuntur.
