3104 5018
739 221 951 286 ...12-

351 393 476 458 Duobus
497 393 558 455 iilis
579 390 640 470 (vol
661 386 1119 471 1τ11ιοο111ο11οπ.φόο.ἆνθρ.
1143 393 1253 472 addito)
1277 395 1312 456 do
1327 397 1427 457 osusis

267 505 435 567 morborum
458 503 642 583 opinionibus
663 505 827 566 odnootitnr
847 507 933 568 tortio
953 507 985 568 in
1007 523 1069 586 ουρ.
1094 505 1141 568 10.
1185 507 1212 567 Δ
1233 506 1426 569 validissimis

265 617 396 695 oorporis
417 616 550 694 portibus
572 615 626 676 orii
649 616 851 678 existimantur
880 619 909 679 ot
929 618 1099 697 gravissimi
1121 634 1187 679 osso
1209 619 1337 697 siquod
1366 619 1426 680 im·

263 723 433 789 oooillioros
449 726 594 800 influunt,
616 728 721 788 sunnin
735 725 911 802 diffloillinni
934 745 1001 790 oum
1016 731 1106 791 ostori
1128 727 1244 791 inoilius
1264 727 1424 792 solvuntur.

352 837 455 900 Exstat
474 839 538 900 tum
559 837 672 900 famoso
692 836 746 899 illo
766 855 908 900 sonorum
931 839 1086 918 dososipiio
1108 841 1143 916 (o
1159 837 1213 918 11)
1236 856 1325 920 quum
1346 841 1426 920 quod

263 950 387 1012 maximi
410 952 455 1012 ost
475 950 615 1011 momenti
638 951 666 1012 oi
687 950 831 1013 oLitnoo
853 969 911 1012 non
932 951 974 1012 iis
994 951 1069 1013 bono
1092 952 1170 1014 odito
1190 950 1307 1031 legitur,
1331 952 1423 1013 totum

265 1062 293 1123 oi
316 1061 501 1122 omondntnm
524 1061 687 1122 oxsoriboro
717 1060 792 1122 mihi
821 1060 924 1142 ploooi
967 1059 1027 1124 Sod
1048 1095 1090 1106 —
1111 1062 1143 1123 id
1166 1063 1244 1141 quod
1273 1079 1426 1124 summum

264 1174 308 1234 ost
329 1205 372 1215 -
394 1170 482 1233 isoilo
515 1174 559 1234 ost
579 1171 731 1236 intollo'oiu
760 1175 847 1252 περῶ
874 1173 911 1234 11
936 1191 1003 1236 oum
1024 1172 1084 1235 ullo
1106 1172 1164 1236 olio
1187 1173 1424 1252 ooniungondum

263 1301 327 1346 osso
349 1281 429 1344 nullo
452 1283 595 1362 pooto¹):

348 1391 381 1451 αἱ
392 1393 422 1472 ²)
449 1387 615 1470 παχόταται
645 1395 704 1454 τῶν
732 1392 852 1470 ’φλεβῶν
875 1381 934 1454 ῶδε
964 1390 1131 1475 πεφόκασι’
1164 1391 1289 1473 τέσσαρα
1318 1385 1423 1472 ζεόγεό

263 1502 341 1566 έστιν
374 1502 405 1565 έν
435 1507 476 1588 τῷ
499 1502 612 1582 σῶμοτι
634 1503 685 1565 καὶ
705 1504 740 1566 ἓν
763 1501 817 1581 μέν
839 1498 939 1565 αότῶν
967 1499 1028 1566 όπό
1051 1507 1104 1582 τῆς
1133 1506 1264 1582 κεφαλῆς
1293 1495 1442 1594 ὄπισθεν.

262 1608 313 1677 διό
335 1618 389 1676 τοῦ
419 1611 545 1694 αὐχένος
567 1613 680 1688 ignom
701 1609 782 1696 παρῶ
811 1610 864 1694 τήν
886 1611 971 1695 όόχιν
993 1613 1125 1696 ένθενθ)
1157 1612 1207 1674 καλ
1237 1613 1327 1675 ένθεν
1349 1613 1422 1694 ἒςέ)

261 1721 297 1786 τό
321 1724 397 1805 ἰσχέα
420 1722 589 1801 ἀφικνεῖται
610 1725 662 1787 καλ
684 1725 714 1798 ές
735 1722 771 1788 τό
795 1725 906 1802 σκέλεα,
937 1725 1038 1788 έπειτα
1061 1720 1111 1788 διό
1133 1730 1192 1787 τῶν
1213 1723 1349 1804 κνημέων
1371 1723 1421 1786 έπλ

261 1841 321 1900 τῶν
343 1841 468 1918 σφυρῶν
498 1833 534 1898 τό
564 1835 620 1910 ἔξω
642 1836 694 1899 καλ
726 1837 757 1909 ές
785 1833 855 1910 τούς
885 1833 983 1909 πόδας
1012 1833 1174 1919 όφήκειῦ).
1207 1838 1255 1900 δεῖ
1282 1825 1338 1898 οὖν
1368 1831 1421 1908 τός

261 1951 459 2029 φλεβοτομλας
492 1947 541 2010 έπλ
563 1951 624 2009 τῶν
646 1943 821 2030 όλχημότων
850 1953 910 2010 τῶν
943 1948 975 2011 έν
1004 1953 1046 2033 τῷ
1075 1945 1159 2034 νότῳ
1189 1947 1240 2010 καλ
1274 1947 1305 2010 έν
1325 1953 1421 2008 τοῖσιν

262 2058 380 2139 λσχέοισι
402 2053 463 2122 όπό
487 2064 545 2121 τῶν
569 2057 678 2140 ἰγνύαν
700 2065 854 2121 ποιεῖσθαι
874 2059 926 2122 καλ
949 2055 1009 2122 όπό
1024 2064 1053 2142 6)
1076 2063 1135 2122 τῶν
1157 2063 1281 2140 σφυρῶν
1296 2058 1417 2132 έξωθεν.

346 2170 380 2232 αλ
400 2167 432 2231 δέ
455 2169 550 2249 ἕτεραι
572 2170 678 2248 φλέβες
701 2165 760 2232 όπό
783 2175 837 2248 τῆς
864 2175 995 2250 κεφαλῆς
1024 2164 1107 2252 παρῶ
1135 2165 1171 2232 τό
1194 2159 1255 2232 ῶτα
1285 2167 1335 2232 διολ
1365 2174 1417 2231 τοῦ

260 2278 395 2361 αὔχένος,
412 2281 445 2342 αλ
458 2281 628 2362 σφαγέτιδες
643 2277 826 2359 καλεόμεναι,
841 2280 957 2343 ἔσωθεν
971 2279 1054 2361 παρολ
1069 2277 1124 2360 την
1138 2279 1224 2362 ρόχιν
1235 2279 1419 2362 ἑκατέρωθεν

260 2391 387 2474 φέρουσι
408 2387 490 2471 παρολ
512 2388 565 2464 τός
587 2389 669 2470 ψόας
699 2391 729 2464 ές
751 2388 822 2464 τοός
851 2388 952 2472 όρχιας
982 2391 1033 2454 καὶ
1055 2388 1127 2465 τοός
1149 2389 1265 2474 μηροός
1285 2391 1338 2455 καὶ
1368 2387 1416 2454 διό

259 2508 318 2565 τῶν
341 2499 450 2585 λγυόων
473 2503 528 2584 [ἐκ]
550 2507 604 2564 τοῦ
627 2503 742 2565 έοωθεν
764 2503 876 2583 μέρεος,
899 2503 998 2566 ἔπειτα
1014 2499 1064 2566 διό
1086 2508 1146 2566 τῶν
1165 2502 1300 2583 κνημέων
1315 2503 1363 2566 έπλ
1380 2503 1414 2565 τό

259 2609 360 2693 σφυρό
376 2612 411 2674 ια’
426 2613 539 2676 έσωθεν
554 2613 606 2676 καλ
629 2610 700 2686 τοδς
722 2615 828 2687 πόδας.
851 2616 897 2676 δεῖ
912 2605 968 2677 οὖν
983 2611 1036 2688 τῶς
1051 2616 1248 2695 φλεβοτομλας
1263 2621 1415 2676 ποιεῖσθαι

258 2720 336 2808 πρός
363 2721 416 2796 τός
438 2721 549 2799 όδόνας
579 2722 632 2798 τός
655 2721 717 2788 όπό
750 2730 811 2787 τῶν
840 2731 928 2805 ψυῶν
957 2727 1008 2789 καλ
1039 2731 1097 2789 τῶν
1120 2723 1235 2808 όρχλων,
1266 2722 1326 2788 όπό
1357 2731 1415 2788 τῶν

259 2833 369 2919 ἰχνόων
391 2835 440 2898 καλ
465 2831 525 2897 οἶπό
549 2841 607 2898 τῶν
630 2841 754 2918 σφυρῶν
776 2837 898 2899 έσωθεν.

344 2947 378 3008 οἱ
404 2945 436 3008 δέ
460 2951 554 3028 τρίται
577 2947 682 3027 φλέβες
713 2948 745 3010 έκ
767 2953 826 3010 τῶν
848 2945 1010 3030 κροτάφων
1041 2945 1090 3010 διό
1113 2953 1166 3011 τοῦ
1197 2946 1320 3028 αὐχένος
1353 2941 1413 3008 όπό

259 3054 313 3130 τός
331 3055 521 3135 ὠμοπλάτας,
537 3058 637 3120 έπειτα
653 3058 855 3138 συμφέρονται
872 3059 902 3132 ές
917 3059 969 3122 τόν
990 3055 1141 3138 πλεύμονα
1155 3059 1207 3120 καλ
1222 3057 1416 3134 ἀφικνέονται

257 3163 279 3248 ἦ
301 3167 353 3248 μέν
376 3165 437 3230 αἰπό
461 3173 520 3230 τῶν
551 3170 654 3244 δεξιῶν
678 3171 708 3242 ές
736 3167 772 3231 τολ
801 3165 980 3252 όριστεριλῖ)
1009 3165 1070 3233 όπό
1101 3165 1152 3232 τόν
1183 3166 1275 3250 μαζόν
1304 3169 1355 3231 καλ
1384 3169 1414 3241 ές

346 3364 371 3432 1)
389 3363 556 3420 Rooonsondi
580 3381 689 3420 munero
713 3365 736 3420 si
760 3365 909 3436 fungamur,
933 3368 976 3422 ior
1000 3365 1077 3422 nobis
1096 3368 1178 3438 oupui
1194 3367 1302 3437 praesto
1320 3367 1363 3420 ost
1380 3393 1412 3404 —
1533 3377 1534 3392 ¹

255 3465 319 3506 num
344 3449 377 3505 do
402 3449 504 3506 Golono
530 3450 616 3506 ndhuo
643 3453 732 3506 tuosne
754 3454 876 3522 praestat
898 3473 945 3511 -ι
966 3450 1019 3508 hoo
1038 3446 1101 3508 'looo
1129 3451 1216 3521 (oodi
1234 3450 1257 3506 Α
1275 3453 1303 3506 oi
1319 3451 1361 3520 R),
1384 3449 1412 3504 in
1533 3455 1534 3508 ξ

255 3534 349 3592 libello
373 3554 400 3588 π.
425 3536 517 3602 φύσιος
533 3532 631 3590 ὀστέων
649 3541 681 3604 (c.
697 3535 714 3592 9
730 3535 760 3592 Ῑι.
785 3535 831 3603 ΙΧ,
850 3537 913 3604 174ς
937 3537 1013 3594 codd.
1029 3537 1081 3607 ii),
1107 3537 1180 3609 apud
1196 3535 1368 3593 Aristotelem
1384 3535 1412 3590 iu

255 3621 325 3678 libro
344 3620 377 3676 do
394 3620 464 3676 Risi
481 3620 530 3676 An.
547 3621 597 3688 111,
615 3621 639 3677 3.
673 3621 727 3677 Sed
743 3621 925 3694 philosophus,
949 3625 981 3678 ui
998 3623 1074 3690 solet„
1099 3622 1182 3679 verbs
1205 3623 1245 3678 ita
1261 3623 1356 3687 mutat,
1381 3623 1413 3675 ui

255 3707 298 3762 vix
315 3705 350 3762 sd
368 3706 563 3762 emendandum
580 3709 644 3778 opto
660 3708 723 3762 sini.

342 3792 369 3861 2)
387 3793 414 3846 αἱ
432 3790 461 3847 δὲ
478 3793 503 3847 R
519 3791 549 3846 δέ
566 3810 618 3848 om.
635 3793 659 3848 A
676 3793 715 3848 R'.

342 3877 369 3947 3)
388 3876 458 3930 ἔιδεν
475 3895 501 3932 τε
517 3877 575 3932 ΑΒ
591 3895 619 3931 τε
637 3895 687 3934 om.
704 3878 744 3935 ΒΖ

342 3965 369 4031 4)
386 3962 416 4017 R'
437 3961 494 4018 Gal.
511 3961 579 4029 παρὰ
596 3963 658 4019 AR.

341 4049 369 4116 5)
386 4047 416 4102 R'
436 4045 518 4115 όφλκη
537 4054 560 4099 Α
578 4044 664 4114 διήκει
681 4049 713 4104 R.

342 4134 369 4204 6)
387 4135 412 4190 A
430 4133 488 4190 Gal.
506 4134 535 4187 ἐκ
553 4133 622 4190 R'R.

342 4219 368 4290 7)
386 4221 457 4276 inter
480 4217 600 4287 ἀριστερὰ
626 4223 655 4276 ot
678 4218 726 4274 ini
753 4221 875 4276 inserunt
890 4221 927 4279 R:
952 4219 971 4289 o)
989 4221 1018 4276 oi
1036 4217 1086 4276 α’πό
1106 4221 1156 4275 τῶν
1174 4217 1315 4289 ἀριστερῶν
1334 4217 1361 4280 ἐς
1378 4218 1409 4274 τό
1533 4273 1534 4282 ,

255 4304 331 4372 δεξιά,
349 4306 393 4359 καὶ
411 4301 429 4373 ἡ
448 4304 493 4373 μὲν
512 4306 582 4374 δεξιὴ
602 4303 746 4374 ἀφικνεῖται
762 4306 793 4361 έκ
810 4307 855 4361 τοῦ
872 4306 1021 4375 πλεύμονος.
